%YAML 1.1
%TAG !u! tag:unity3d.com,2011:
--- !u!1 &336813850751792637
GameObject:
  m_ObjectHideFlags: 0
  m_CorrespondingSourceObject: {fileID: 0}
  m_PrefabInstance: {fileID: 0}
  m_PrefabAsset: {fileID: 0}
  serializedVersion: 6
  m_Component:
  - component: {fileID: 6730033127152950945}
  m_Layer: 0
  m_Name: joint3
  m_TagString: Untagged
  m_Icon: {fileID: 0}
  m_NavMeshLayer: 0
  m_StaticEditorFlags: 0
  m_IsActive: 1
--- !u!4 &6730033127152950945
Transform:
  m_ObjectHideFlags: 0
  m_CorrespondingSourceObject: {fileID: 0}
  m_PrefabInstance: {fileID: 0}
  m_PrefabAsset: {fileID: 0}
  m_GameObject: {fileID: 336813850751792637}
  m_LocalRotation: {x: 0.7670232, y: -0.6416194, z: -6.7590066e-17, w: 2.3291659e-17}
  m_LocalPosition: {x: -1.2037979, y: 8.881784e-16, z: -1.00106225e-16}
  m_LocalScale: {x: 1, y: 1, z: 1}
  m_Children:
  - {fileID: 4725208327558456766}
  m_Father: {fileID: 2307835435126989747}
  m_RootOrder: 0
  m_LocalEulerAnglesHint: {x: 0, y: 0, z: 0}
--- !u!1 &2162075865960410914
GameObject:
  m_ObjectHideFlags: 0
  m_CorrespondingSourceObject: {fileID: 0}
  m_PrefabInstance: {fileID: 0}
  m_PrefabAsset: {fileID: 0}
  serializedVersion: 6
  m_Component:
  - component: {fileID: 2307835435126989747}
  m_Layer: 0
  m_Name: joint2
  m_TagString: Untagged
  m_Icon: {fileID: 0}
  m_NavMeshLayer: 0
  m_StaticEditorFlags: 0
  m_IsActive: 1
--- !u!4 &2307835435126989747
Transform:
  m_ObjectHideFlags: 0
  m_CorrespondingSourceObject: {fileID: 0}
  m_PrefabInstance: {fileID: 0}
  m_PrefabAsset: {fileID: 0}
  m_GameObject: {fileID: 2162075865960410914}
  m_LocalRotation: {x: 2.2484607e-25, y: -4.537971e-17, z: -0.40059832, w: 0.9162538}
  m_LocalPosition: {x: -22.446169, y: 0, z: -2.748863e-15}
  m_LocalScale: {x: 1, y: 1, z: 1}
  m_Children:
  - {fileID: 6730033127152950945}
  m_Father: {fileID: 7482433968632436525}
  m_RootOrder: 0
  m_LocalEulerAnglesHint: {x: 0, y: 0, z: 0}
--- !u!1 &3781196687974278279
GameObject:
  m_ObjectHideFlags: 0
  m_CorrespondingSourceObject: {fileID: 0}
  m_PrefabInstance: {fileID: 0}
  m_PrefabAsset: {fileID: 0}
  serializedVersion: 6
  m_Component:
  - component: {fileID: 757492738282259138}
  m_Layer: 0
  m_Name: joint5
  m_TagString: Untagged
  m_Icon: {fileID: 0}
  m_NavMeshLayer: 0
  m_StaticEditorFlags: 0
  m_IsActive: 1
--- !u!4 &757492738282259138
Transform:
  m_ObjectHideFlags: 0
  m_CorrespondingSourceObject: {fileID: 0}
  m_PrefabInstance: {fileID: 0}
  m_PrefabAsset: {fileID: 0}
  m_GameObject: {fileID: 3781196687974278279}
  m_LocalRotation: {x: -3.856897e-34, y: -1.10605304e-16, z: -0.051091786, w: 0.99869394}
  m_LocalPosition: {x: -4.7355194, y: 2.220446e-16, z: -1.0753174e-15}
  m_LocalScale: {x: 1, y: 1, z: 1}
  m_Children:
  - {fileID: 6407392412997054161}
  m_Father: {fileID: 4725208327558456766}
  m_RootOrder: 0
  m_LocalEulerAnglesHint: {x: 0, y: 0, z: 0}
--- !u!1 &3992700570497608872
GameObject:
  m_ObjectHideFlags: 0
  m_CorrespondingSourceObject: {fileID: 0}
  m_PrefabInstance: {fileID: 0}
  m_PrefabAsset: {fileID: 0}
  serializedVersion: 6
  m_Component:
  - component: {fileID: 6407392412997054161}
  m_Layer: 0
  m_Name: joint8
  m_TagString: Untagged
  m_Icon: {fileID: 0}
  m_NavMeshLayer: 0
  m_StaticEditorFlags: 0
  m_IsActive: 1
--- !u!4 &6407392412997054161
Transform:
  m_ObjectHideFlags: 0
  m_CorrespondingSourceObject: {fileID: 0}
  m_PrefabInstance: {fileID: 0}
  m_PrefabAsset: {fileID: 0}
  m_GameObject: {fileID: 3992700570497608872}
  m_LocalRotation: {x: 0, y: 0, z: 6.938894e-18, w: 1}
  m_LocalPosition: {x: 0.0000030774484, y: 0.0000032538296, z: 1.3165272e-22}
  m_LocalScale: {x: 1, y: 1, z: 1}
  m_Children:
  - {fileID: 6172693172693964504}
  m_Father: {fileID: 757492738282259138}
  m_RootOrder: 0
  m_LocalEulerAnglesHint: {x: 0, y: 0, z: 0}
--- !u!1 &4426480653825924321
GameObject:
  m_ObjectHideFlags: 0
  m_CorrespondingSourceObject: {fileID: 0}
  m_PrefabInstance: {fileID: 0}
  m_PrefabAsset: {fileID: 0}
  serializedVersion: 6
  m_Component:
  - component: {fileID: 7482433968632436525}
  m_Layer: 0
  m_Name: joint1
  m_TagString: Untagged
  m_Icon: {fileID: 0}
  m_NavMeshLayer: 0
  m_StaticEditorFlags: 0
  m_IsActive: 1
--- !u!4 &7482433968632436525
Transform:
  m_ObjectHideFlags: 0
  m_CorrespondingSourceObject: {fileID: 0}
  m_PrefabInstance: {fileID: 0}
  m_PrefabAsset: {fileID: 0}
  m_GameObject: {fileID: 4426480653825924321}
  m_LocalRotation: {x: 6.123234e-17, y: 1, z: -6.123234e-17, w: -6.123234e-17}
  m_LocalPosition: {x: -0.12259549, y: -0.0004005784, z: -8.926874e-33}
  m_LocalScale: {x: 0.01, y: 0.01, z: 0.01}
  m_Children:
  - {fileID: 2307835435126989747}
  m_Father: {fileID: 7192038946533998560}
  m_RootOrder: 1
  m_LocalEulerAnglesHint: {x: 0, y: 0, z: 0}
--- !u!1 &5370832188843678766
GameObject:
  m_ObjectHideFlags: 0
  m_CorrespondingSourceObject: {fileID: 0}
  m_PrefabInstance: {fileID: 0}
  m_PrefabAsset: {fileID: 0}
  serializedVersion: 6
  m_Component:
  - component: {fileID: 4542396032483748034}
  m_Layer: 0
  m_Name: joint7
  m_TagString: Untagged
  m_Icon: {fileID: 0}
  m_NavMeshLayer: 0
  m_StaticEditorFlags: 0
  m_IsActive: 1
--- !u!4 &4542396032483748034
Transform:
  m_ObjectHideFlags: 0
  m_CorrespondingSourceObject: {fileID: 0}
  m_PrefabInstance: {fileID: 0}
  m_PrefabAsset: {fileID: 0}
  m_GameObject: {fileID: 5370832188843678766}
  m_LocalRotation: {x: 0, y: -0, z: -0.0049503134, w: 0.9999878}
  m_LocalPosition: {x: -4.6225514, y: 0.0000008243944, z: -1.0211975e-15}
  m_LocalScale: {x: 1, y: 1, z: 1}
  m_Children: []
  m_Father: {fileID: 617205397374962994}
  m_RootOrder: 0
  m_LocalEulerAnglesHint: {x: 0, y: 0, z: 0}
--- !u!1 &6151004336873617050
GameObject:
  m_ObjectHideFlags: 0
  m_CorrespondingSourceObject: {fileID: 0}
  m_PrefabInstance: {fileID: 0}
  m_PrefabAsset: {fileID: 0}
  serializedVersion: 6
  m_Component:
  - component: {fileID: 6172693172693964504}
  m_Layer: 0
  m_Name: joint9
  m_TagString: Untagged
  m_Icon: {fileID: 0}
  m_NavMeshLayer: 0
  m_StaticEditorFlags: 0
  m_IsActive: 1
--- !u!4 &6172693172693964504
Transform:
  m_ObjectHideFlags: 0
  m_CorrespondingSourceObject: {fileID: 0}
  m_PrefabInstance: {fileID: 0}
  m_PrefabAsset: {fileID: 0}
  m_GameObject: {fileID: 6151004336873617050}
  m_LocalRotation: {x: 0, y: 0, z: 6.938894e-18, w: 1}
  m_LocalPosition: {x: -4.1327457, y: 0.000002344023, z: -9.130151e-16}
  m_LocalScale: {x: 1, y: 1, z: 1}
  m_Children:
  - {fileID: 3967646381035441107}
  m_Father: {fileID: 6407392412997054161}
  m_RootOrder: 0
  m_LocalEulerAnglesHint: {x: 0, y: 0, z: 0}
--- !u!1 &6715821677009449811
GameObject:
  m_ObjectHideFlags: 0
  m_CorrespondingSourceObject: {fileID: 0}
  m_PrefabInstance: {fileID: 0}
  m_PrefabAsset: {fileID: 0}
  serializedVersion: 6
  m_Component:
  - component: {fileID: 4725208327558456766}
  m_Layer: 0
  m_Name: joint4
  m_TagString: Untagged
  m_Icon: {fileID: 0}
  m_NavMeshLayer: 0
  m_StaticEditorFlags: 0
  m_IsActive: 1
--- !u!4 &4725208327558456766
Transform:
  m_ObjectHideFlags: 0
  m_CorrespondingSourceObject: {fileID: 0}
  m_PrefabInstance: {fileID: 0}
  m_PrefabAsset: {fileID: 0}
  m_GameObject: {fileID: 6715821677009449811}
  m_LocalRotation: {x: 7.5710654e-25, y: -1.3069033e-16, z: 0.49524808, w: 0.8687516}
  m_LocalPosition: {x: -1.3564981, y: -1.7763568e-15, z: -1.00106225e-16}
  m_LocalScale: {x: 1, y: 1, z: 1}
  m_Children:
  - {fileID: 757492738282259138}
  m_Father: {fileID: 6730033127152950945}
  m_RootOrder: 0
  m_LocalEulerAnglesHint: {x: 0, y: 0, z: 0}
--- !u!1 &7420177892312236001
GameObject:
  m_ObjectHideFlags: 0
  m_CorrespondingSourceObject: {fileID: 0}
  m_PrefabInstance: {fileID: 0}
  m_PrefabAsset: {fileID: 0}
  serializedVersion: 6
  m_Component:
  - component: {fileID: 3967646381035441107}
  m_Layer: 0
  m_Name: joint6
  m_TagString: Untagged
  m_Icon: {fileID: 0}
  m_NavMeshLayer: 0
  m_StaticEditorFlags: 0
  m_IsActive: 1
--- !u!4 &3967646381035441107
Transform:
  m_ObjectHideFlags: 0
  m_CorrespondingSourceObject: {fileID: 0}
  m_PrefabInstance: {fileID: 0}
  m_PrefabAsset: {fileID: 0}
  m_GameObject: {fileID: 7420177892312236001}
  m_LocalRotation: {x: 5.896909e-19, y: -1.10456623e-16, z: -0.0053756204, w: 0.9999856}
  m_LocalPosition: {x: -4.7268653, y: -0.0000055978526, z: -1.0442647e-15}
  m_LocalScale: {x: 1, y: 1, z: 1}
  m_Children:
  - {fileID: 617205397374962994}
  m_Father: {fileID: 6172693172693964504}
  m_RootOrder: 0
  m_LocalEulerAnglesHint: {x: 0, y: 0, z: 0}
--- !u!1 &7531304994836751706
GameObject:
  m_ObjectHideFlags: 0
  m_CorrespondingSourceObject: {fileID: 0}
  m_PrefabInstance: {fileID: 0}
  m_PrefabAsset: {fileID: 0}
  serializedVersion: 6
  m_Component:
  - component: {fileID: 7192038946533998560}
  m_Layer: 0
  m_Name: Blank_Folder
  m_TagString: Untagged
  m_Icon: {fileID: 0}
  m_NavMeshLayer: 0
  m_StaticEditorFlags: 0
  m_IsActive: 1
--- !u!4 &7192038946533998560
Transform:
  m_ObjectHideFlags: 0
  m_CorrespondingSourceObject: {fileID: 0}
  m_PrefabInstance: {fileID: 0}
  m_PrefabAsset: {fileID: 0}
  m_GameObject: {fileID: 7531304994836751706}
  m_LocalRotation: {x: 0, y: 0, z: 0, w: 1}
  m_LocalPosition: {x: 0, y: 0, z: 0}
  m_LocalScale: {x: 1, y: 1, z: 1}
  m_Children:
  - {fileID: 7461618695934506023}
  - {fileID: 7482433968632436525}
  m_Father: {fileID: 0}
  m_RootOrder: 0
  m_LocalEulerAnglesHint: {x: 0, y: 0, z: 0}
--- !u!1 &8134645128973494871
GameObject:
  m_ObjectHideFlags: 0
  m_CorrespondingSourceObject: {fileID: 0}
  m_PrefabInstance: {fileID: 0}
  m_PrefabAsset: {fileID: 0}
  serializedVersion: 6
  m_Component:
  - component: {fileID: 7461618695934506023}
  - component: {fileID: 9145140546936428730}
  m_Layer: 0
  m_Name: folder
  m_TagString: Untagged
  m_Icon: {fileID: 0}
  m_NavMeshLayer: 0
  m_StaticEditorFlags: 0
  m_IsActive: 1
--- !u!4 &7461618695934506023
Transform:
  m_ObjectHideFlags: 0
  m_CorrespondingSourceObject: {fileID: 0}
  m_PrefabInstance: {fileID: 0}
  m_PrefabAsset: {fileID: 0}
  m_GameObject: {fileID: 8134645128973494871}
  m_LocalRotation: {x: 0, y: -0, z: -0, w: 1}
  m_LocalPosition: {x: -0, y: 0, z: 0}
  m_LocalScale: {x: 0.01, y: 0.01, z: 0.01}
  m_Children: []
  m_Father: {fileID: 7192038946533998560}
  m_RootOrder: 0
  m_LocalEulerAnglesHint: {x: 0, y: 0, z: 0}
--- !u!137 &9145140546936428730
SkinnedMeshRenderer:
  m_ObjectHideFlags: 0
  m_CorrespondingSourceObject: {fileID: 0}
  m_PrefabInstance: {fileID: 0}
  m_PrefabAsset: {fileID: 0}
  m_GameObject: {fileID: 8134645128973494871}
  m_Enabled: 1
  m_CastShadows: 1
  m_ReceiveShadows: 1
  m_DynamicOccludee: 1
  m_MotionVectors: 1
  m_LightProbeUsage: 1
  m_ReflectionProbeUsage: 1
  m_RayTracingMode: 0
  m_RenderingLayerMask: 1
  m_RendererPriority: 0
  m_Materials:
  - {fileID: 2100000, guid: 7eb449a06cc7cd743ba8f3f40ee7b77d, type: 2}
  m_StaticBatchInfo:
    firstSubMesh: 0
    subMeshCount: 0
  m_StaticBatchRoot: {fileID: 0}
  m_ProbeAnchor: {fileID: 0}
  m_LightProbeVolumeOverride: {fileID: 0}
  m_ScaleInLightmap: 1
  m_ReceiveGI: 1
  m_PreserveUVs: 0
  m_IgnoreNormalsForChartDetection: 0
  m_ImportantGI: 0
  m_StitchLightmapSeams: 1
  m_SelectedEditorRenderState: 3
  m_MinimumChartSize: 4
  m_AutoUVMaxDistance: 0.5
  m_AutoUVMaxAngle: 89
  m_LightmapParameters: {fileID: 0}
  m_SortingLayerID: 0
  m_SortingLayer: 0
  m_SortingOrder: 0
  serializedVersion: 2
  m_Quality: 0
  m_UpdateWhenOffscreen: 0
  m_SkinnedMotionVectors: 1
  m_Mesh: {fileID: -2669119356408553471, guid: 3531939d18c750c4483320ccb7682ef1, type: 3}
  m_Bones:
  - {fileID: 7482433968632436525}
  - {fileID: 2307835435126989747}
  - {fileID: 6730033127152950945}
  - {fileID: 4725208327558456766}
  - {fileID: 757492738282259138}
  - {fileID: 6407392412997054161}
  - {fileID: 6172693172693964504}
  - {fileID: 3967646381035441107}
  - {fileID: 617205397374962994}
  - {fileID: 4542396032483748034}
  m_BlendShapeWeights: []
  m_RootBone: {fileID: 7482433968632436525}
  m_AABB:
    m_Center: {x: -11.788183, y: 1.0247927, z: 0.000954628}
    m_Extent: {x: 11.784397, y: 0.98234224, z: 15.5027}
  m_DirtyAABB: 0
--- !u!1 &9198407336274832046
GameObject:
  m_ObjectHideFlags: 0
  m_CorrespondingSourceObject: {fileID: 0}
  m_PrefabInstance: {fileID: 0}
  m_PrefabAsset: {fileID: 0}
  serializedVersion: 6
  m_Component:
  - component: {fileID: 617205397374962994}
  m_Layer: 0
  m_Name: joint10
  m_TagString: Untagged
  m_Icon: {fileID: 0}
  m_NavMeshLayer: 0
  m_StaticEditorFlags: 0
  m_IsActive: 1
--- !u!4 &617205397374962994
Transform:
  m_ObjectHideFlags: 0
  m_CorrespondingSourceObject: {fileID: 0}
  m_PrefabInstance: {fileID: 0}
  m_PrefabAsset: {fileID: 0}
  m_GameObject: {fileID: 9198407336274832046}
  m_LocalRotation: {x: 0, y: -0, z: -2.1684043e-19, w: 1}
  m_LocalPosition: {x: -4.303331, y: -0.0000008243866, z: -9.506763e-16}
  m_LocalScale: {x: 1, y: 1, z: 1}
  m_Children:
  - {fileID: 4542396032483748034}
  m_Father: {fileID: 3967646381035441107}
  m_RootOrder: 0
  m_LocalEulerAnglesHint: {x: 0, y: 0, z: 0}
