%YAML 1.1
%TAG !u! tag:unity3d.com,2011:
--- !u!1 &8149364170129380927
GameObject:
  m_ObjectHideFlags: 0
  m_CorrespondingSourceObject: {fileID: 0}
  m_PrefabInstance: {fileID: 0}
  m_PrefabAsset: {fileID: 0}
  serializedVersion: 6
  m_Component:
  - component: {fileID: 7632918872546569802}
  - component: {fileID: 4500424654331821055}
  - component: {fileID: 7011369219839722709}
  - component: {fileID: 6788586207039903948}
  m_Layer: 0
  m_Name: MagnifyingGlassWidget
  m_TagString: Untagged
  m_Icon: {fileID: 0}
  m_NavMeshLayer: 0
  m_StaticEditorFlags: 0
  m_IsActive: 1
--- !u!4 &7632918872546569802
Transform:
  m_ObjectHideFlags: 0
  m_CorrespondingSourceObject: {fileID: 0}
  m_PrefabInstance: {fileID: 0}
  m_PrefabAsset: {fileID: 0}
  m_GameObject: {fileID: 8149364170129380927}
  m_LocalRotation: {x: 0, y: 0, z: 0, w: 1}
  m_LocalPosition: {x: 9.062117, y: 0.3374675, z: -6.9262457}
  m_LocalScale: {x: 1, y: 1, z: 1}
  m_Children:
  - {fileID: 1352444570237363721}
  m_Father: {fileID: 0}
  m_RootOrder: 0
  m_LocalEulerAnglesHint: {x: 0, y: 0, z: 0}
--- !u!114 &4500424654331821055
MonoBehaviour:
  m_ObjectHideFlags: 0
  m_CorrespondingSourceObject: {fileID: 0}
  m_PrefabInstance: {fileID: 0}
  m_PrefabAsset: {fileID: 0}
  m_GameObject: {fileID: 8149364170129380927}
  m_Enabled: 1
  m_EditorHideFlags: 0
  m_Script: {fileID: 11500000, guid: b04de9ee36be3ff4eb56880e7e9b9906, type: 3}
  m_Name: 
  m_EditorClassIdentifier: 
--- !u!54 &7011369219839722709
Rigidbody:
  m_ObjectHideFlags: 0
  m_CorrespondingSourceObject: {fileID: 0}
  m_PrefabInstance: {fileID: 0}
  m_PrefabAsset: {fileID: 0}
  m_GameObject: {fileID: 8149364170129380927}
  serializedVersion: 2
  m_Mass: 1
  m_Drag: 0
  m_AngularDrag: 0.05
  m_UseGravity: 0
  m_IsKinematic: 1
  m_Interpolate: 0
  m_Constraints: 0
  m_CollisionDetection: 0
--- !u!65 &6788586207039903948
BoxCollider:
  m_ObjectHideFlags: 0
  m_CorrespondingSourceObject: {fileID: 0}
  m_PrefabInstance: {fileID: 0}
  m_PrefabAsset: {fileID: 0}
  m_GameObject: {fileID: 8149364170129380927}
  m_Material: {fileID: 0}
  m_IsTrigger: 1
  m_Enabled: 1
  serializedVersion: 2
  m_Size: {x: 0.06, y: 0.13, z: 0.012}
  m_Center: {x: 0, y: -0.06, z: 0}
--- !u!1001 &1535270448514335202
PrefabInstance:
  m_ObjectHideFlags: 0
  serializedVersion: 2
  m_Modification:
    m_TransformParent: {fileID: 7632918872546569802}
    m_Modifications:
    - target: {fileID: -8679921383154817045, guid: 2f425b7b8b7f21b4393b3dcc2286f714,
        type: 3}
      propertyPath: m_RootOrder
      value: 0
      objectReference: {fileID: 0}
    - target: {fileID: -8679921383154817045, guid: 2f425b7b8b7f21b4393b3dcc2286f714,
        type: 3}
      propertyPath: m_LocalScale.x
      value: 0.2
      objectReference: {fileID: 0}
    - target: {fileID: -8679921383154817045, guid: 2f425b7b8b7f21b4393b3dcc2286f714,
        type: 3}
      propertyPath: m_LocalScale.y
      value: 0.2
      objectReference: {fileID: 0}
    - target: {fileID: -8679921383154817045, guid: 2f425b7b8b7f21b4393b3dcc2286f714,
        type: 3}
      propertyPath: m_LocalScale.z
      value: 0.2
      objectReference: {fileID: 0}
    - target: {fileID: -8679921383154817045, guid: 2f425b7b8b7f21b4393b3dcc2286f714,
        type: 3}
      propertyPath: m_LocalPosition.x
      value: 0
      objectReference: {fileID: 0}
    - target: {fileID: -8679921383154817045, guid: 2f425b7b8b7f21b4393b3dcc2286f714,
        type: 3}
      propertyPath: m_LocalPosition.y
      value: -0.12586749
      objectReference: {fileID: 0}
    - target: {fileID: -8679921383154817045, guid: 2f425b7b8b7f21b4393b3dcc2286f714,
        type: 3}
      propertyPath: m_LocalPosition.z
      value: 0
      objectReference: {fileID: 0}
    - target: {fileID: -8679921383154817045, guid: 2f425b7b8b7f21b4393b3dcc2286f714,
        type: 3}
      propertyPath: m_LocalRotation.w
      value: 1
      objectReference: {fileID: 0}
    - target: {fileID: -8679921383154817045, guid: 2f425b7b8b7f21b4393b3dcc2286f714,
        type: 3}
      propertyPath: m_LocalRotation.x
      value: -0
      objectReference: {fileID: 0}
    - target: {fileID: -8679921383154817045, guid: 2f425b7b8b7f21b4393b3dcc2286f714,
        type: 3}
      propertyPath: m_LocalRotation.y
      value: -0
      objectReference: {fileID: 0}
    - target: {fileID: -8679921383154817045, guid: 2f425b7b8b7f21b4393b3dcc2286f714,
        type: 3}
      propertyPath: m_LocalRotation.z
      value: -0
      objectReference: {fileID: 0}
    - target: {fileID: -8679921383154817045, guid: 2f425b7b8b7f21b4393b3dcc2286f714,
        type: 3}
      propertyPath: m_LocalEulerAnglesHint.x
      value: 0
      objectReference: {fileID: 0}
    - target: {fileID: -8679921383154817045, guid: 2f425b7b8b7f21b4393b3dcc2286f714,
        type: 3}
      propertyPath: m_LocalEulerAnglesHint.y
      value: 0
      objectReference: {fileID: 0}
    - target: {fileID: -8679921383154817045, guid: 2f425b7b8b7f21b4393b3dcc2286f714,
        type: 3}
      propertyPath: m_LocalEulerAnglesHint.z
      value: 0
      objectReference: {fileID: 0}
    - target: {fileID: -7511558181221131132, guid: 2f425b7b8b7f21b4393b3dcc2286f714,
        type: 3}
      propertyPath: m_Materials.Array.data[0]
      value: 
      objectReference: {fileID: 2100000, guid: 5682efcb9adee47cd85e91bff2f0a952, type: 2}
    - target: {fileID: -425565630206218756, guid: 2f425b7b8b7f21b4393b3dcc2286f714,
        type: 3}
      propertyPath: m_Materials.Array.data[0]
      value: 
      objectReference: {fileID: 2100000, guid: 1bed2b9a5cec81b4fb568a4554b8a1fb, type: 2}
    - target: {fileID: 919132149155446097, guid: 2f425b7b8b7f21b4393b3dcc2286f714,
        type: 3}
      propertyPath: m_Name
      value: MagnifyingGlass
      objectReference: {fileID: 0}
    - target: {fileID: 919132149155446097, guid: 2f425b7b8b7f21b4393b3dcc2286f714,
        type: 3}
      propertyPath: m_IsActive
      value: 1
      objectReference: {fileID: 0}
    - target: {fileID: 4113508902215733420, guid: 2f425b7b8b7f21b4393b3dcc2286f714,
        type: 3}
      propertyPath: m_Materials.Array.data[0]
      value: 
      objectReference: {fileID: 2100000, guid: 1bed2b9a5cec81b4fb568a4554b8a1fb, type: 2}
    - target: {fileID: 9179457351814778271, guid: 2f425b7b8b7f21b4393b3dcc2286f714,
        type: 3}
      propertyPath: m_Materials.Array.data[0]
      value: 
      objectReference: {fileID: 2100000, guid: f9cd41cc35ba14a4896906bb345e418e, type: 2}
    m_RemovedComponents: []
  m_SourcePrefab: {fileID: 100100000, guid: 2f425b7b8b7f21b4393b3dcc2286f714, type: 3}
--- !u!4 &1352444570237363721 stripped
Transform:
  m_CorrespondingSourceObject: {fileID: -8679921383154817045, guid: 2f425b7b8b7f21b4393b3dcc2286f714,
    type: 3}
  m_PrefabInstance: {fileID: 1535270448514335202}
  m_PrefabAsset: {fileID: 0}
