%YAML 1.1
%TAG !u! tag:unity3d.com,2011:
--- !u!1 &1735981985339090820
GameObject:
  m_ObjectHideFlags: 0
  m_CorrespondingSourceObject: {fileID: 0}
  m_PrefabInstance: {fileID: 0}
  m_PrefabAsset: {fileID: 0}
  serializedVersion: 6
  m_Component:
  - component: {fileID: 1735981985339090819}
  - component: {fileID: 1735981985339090818}
  m_Layer: 10
  m_Name: Point
  m_TagString: Untagged
  m_Icon: {fileID: 0}
  m_NavMeshLayer: 0
  m_StaticEditorFlags: 0
  m_IsActive: 1
--- !u!4 &1735981985339090819
Transform:
  m_ObjectHideFlags: 0
  m_CorrespondingSourceObject: {fileID: 0}
  m_PrefabInstance: {fileID: 0}
  m_PrefabAsset: {fileID: 0}
  m_GameObject: {fileID: 1735981985339090820}
  m_LocalRotation: {x: 0, y: 0, z: 0, w: 1}
  m_LocalPosition: {x: 0, y: 0, z: 1}
  m_LocalScale: {x: 1, y: 1, z: 1}
  m_Children: []
  m_Father: {fileID: 1735981987114836793}
  m_RootOrder: 1
  m_LocalEulerAnglesHint: {x: 0, y: 0, z: 0}
--- !u!114 &1735981985339090818
MonoBehaviour:
  m_ObjectHideFlags: 0
  m_CorrespondingSourceObject: {fileID: 0}
  m_PrefabInstance: {fileID: 0}
  m_PrefabAsset: {fileID: 0}
  m_GameObject: {fileID: 1735981985339090820}
  m_Enabled: 1
  m_EditorHideFlags: 0
  m_Script: {fileID: 11500000, guid: b9cf9c5931a3b3c4ba456c8213d7ebfc, type: 3}
  m_Name: 
  m_EditorClassIdentifier: 
  m_position: {x: 0.02485177, y: 1.036, z: 4.1066}
  m_precedingControlPointLocalPosition: {x: 0.1, y: 0, z: 0}
  m_precedingControlPointPosition: {x: 0.12485177, y: 1.036, z: 4.1066}
  m_followingControlPointLocalPosition: {x: -0.1, y: -0, z: -0}
  m_followingControlPointPosition: {x: -0.07514823, y: 1.036, z: 4.1066}
  m_handleMode: 2
  m_normal: {x: 0, y: 1, z: 0}
  m_autoCalculatedNormalAngleOffset: 0
  m_extraData:
    c1: 0
    c2: 0
    c3: 0
    c4: 0
--- !u!1 &1735981986068175963
GameObject:
  m_ObjectHideFlags: 0
  m_CorrespondingSourceObject: {fileID: 0}
  m_PrefabInstance: {fileID: 0}
  m_PrefabAsset: {fileID: 0}
  serializedVersion: 6
  m_Component:
  - component: {fileID: 1735981986068175961}
  - component: {fileID: 1735981986068175962}
  m_Layer: 10
  m_Name: BezierCurve
  m_TagString: ArObjects
  m_Icon: {fileID: 0}
  m_NavMeshLayer: 0
  m_StaticEditorFlags: 0
  m_IsActive: 1
--- !u!4 &1735981986068175961
Transform:
  m_ObjectHideFlags: 0
  m_CorrespondingSourceObject: {fileID: 0}
  m_PrefabInstance: {fileID: 0}
  m_PrefabAsset: {fileID: 0}
  m_GameObject: {fileID: 1735981986068175963}
  m_LocalRotation: {x: 0, y: 0, z: 0, w: 1}
  m_LocalPosition: {x: 0, y: 1, z: 3}
  m_LocalScale: {x: 1, y: 1, z: 1}
  m_Children:
  - {fileID: 1735981987114836793}
  - {fileID: 1735981987301907223}
  m_Father: {fileID: 0}
  m_RootOrder: 0
  m_LocalEulerAnglesHint: {x: 0, y: 0, z: 0}
--- !u!114 &1735981986068175962
MonoBehaviour:
  m_ObjectHideFlags: 0
  m_CorrespondingSourceObject: {fileID: 0}
  m_PrefabInstance: {fileID: 0}
  m_PrefabAsset: {fileID: 0}
  m_GameObject: {fileID: 1735981986068175963}
  m_Enabled: 1
  m_EditorHideFlags: 0
  m_Script: {fileID: 11500000, guid: 3c1cf1d881ac43d43bc922091c9b8586, type: 3}
  m_Name: 
  m_EditorClassIdentifier: 
--- !u!1 &1735981986491317273
GameObject:
  m_ObjectHideFlags: 0
  m_CorrespondingSourceObject: {fileID: 0}
  m_PrefabInstance: {fileID: 0}
  m_PrefabAsset: {fileID: 0}
  serializedVersion: 6
  m_Component:
  - component: {fileID: 1735981986491317272}
  - component: {fileID: 1735981986491317271}
  m_Layer: 10
  m_Name: Point
  m_TagString: Untagged
  m_Icon: {fileID: 0}
  m_NavMeshLayer: 0
  m_StaticEditorFlags: 0
  m_IsActive: 1
--- !u!4 &1735981986491317272
Transform:
  m_ObjectHideFlags: 0
  m_CorrespondingSourceObject: {fileID: 0}
  m_PrefabInstance: {fileID: 0}
  m_PrefabAsset: {fileID: 0}
  m_GameObject: {fileID: 1735981986491317273}
  m_LocalRotation: {x: 0, y: 0, z: 0, w: 1}
  m_LocalPosition: {x: 0, y: 0, z: 0}
  m_LocalScale: {x: 1, y: 1, z: 1}
  m_Children: []
  m_Father: {fileID: 1735981987114836793}
  m_RootOrder: 0
  m_LocalEulerAnglesHint: {x: 0, y: 0, z: 0}
--- !u!114 &1735981986491317271
MonoBehaviour:
  m_ObjectHideFlags: 0
  m_CorrespondingSourceObject: {fileID: 0}
  m_PrefabInstance: {fileID: 0}
  m_PrefabAsset: {fileID: 0}
  m_GameObject: {fileID: 1735981986491317273}
  m_Enabled: 1
  m_EditorHideFlags: 0
  m_Script: {fileID: 11500000, guid: b9cf9c5931a3b3c4ba456c8213d7ebfc, type: 3}
  m_Name: 
  m_EditorClassIdentifier: 
  m_position: {x: 0.02485177, y: 1.036, z: 3.1065996}
  m_precedingControlPointLocalPosition: {x: 0.1, y: 0, z: 0}
  m_precedingControlPointPosition: {x: 0.12485177, y: 1.036, z: 3.1065996}
  m_followingControlPointLocalPosition: {x: -0.1, y: -0, z: -0}
  m_followingControlPointPosition: {x: -0.07514823, y: 1.036, z: 3.1065996}
  m_handleMode: 2
  m_normal: {x: 0, y: 1, z: 0}
  m_autoCalculatedNormalAngleOffset: 0
  m_extraData:
    c1: 0
    c2: 0
    c3: 0
    c4: 0
--- !u!1 &1735981987114836795
GameObject:
  m_ObjectHideFlags: 0
  m_CorrespondingSourceObject: {fileID: 0}
  m_PrefabInstance: {fileID: 0}
  m_PrefabAsset: {fileID: 0}
  serializedVersion: 6
  m_Component:
  - component: {fileID: 1735981987114836793}
  - component: {fileID: 1735981987114836794}
  m_Layer: 10
  m_Name: BezierSpline
  m_TagString: Untagged
  m_Icon: {fileID: 0}
  m_NavMeshLayer: 0
  m_StaticEditorFlags: 0
  m_IsActive: 1
--- !u!4 &1735981987114836793
Transform:
  m_ObjectHideFlags: 0
  m_CorrespondingSourceObject: {fileID: 0}
  m_PrefabInstance: {fileID: 0}
  m_PrefabAsset: {fileID: 0}
  m_GameObject: {fileID: 1735981987114836795}
  m_LocalRotation: {x: -0, y: -0, z: -0, w: 1}
  m_LocalPosition: {x: 0.02485177, y: 0.036, z: 0.10659957}
  m_LocalScale: {x: 1, y: 1, z: 1}
  m_Children:
  - {fileID: 1735981986491317272}
  - {fileID: 1735981985339090819}
  m_Father: {fileID: 1735981986068175961}
  m_RootOrder: 0
  m_LocalEulerAnglesHint: {x: 0, y: 0, z: 0}
--- !u!114 &1735981987114836794
MonoBehaviour:
  m_ObjectHideFlags: 0
  m_CorrespondingSourceObject: {fileID: 0}
  m_PrefabInstance: {fileID: 0}
  m_PrefabAsset: {fileID: 0}
  m_GameObject: {fileID: 1735981987114836795}
  m_Enabled: 1
  m_EditorHideFlags: 0
  m_Script: {fileID: 11500000, guid: a3dbf94c21a22d74d895b2051a04ba1e, type: 3}
  m_Name: 
  m_EditorClassIdentifier: 
  m_loop: 0
  drawGizmos: 0
  gizmoColor: {r: 1, g: 1, b: 1, a: 1}
  gizmoSmoothness: 4
  m_autoConstructMode: 0
  m_autoCalculateNormals: 0
  m_autoCalculatedNormalsAngle: 0
--- !u!1 &1735981987301907226
GameObject:
  m_ObjectHideFlags: 0
  m_CorrespondingSourceObject: {fileID: 0}
  m_PrefabInstance: {fileID: 0}
  m_PrefabAsset: {fileID: 0}
  serializedVersion: 6
  m_Component:
  - component: {fileID: 1735981987301907223}
  - component: {fileID: 1735981987301907224}
  - component: {fileID: 1735981987301907225}
  - component: {fileID: 1735981987301907222}
  m_Layer: 10
  m_Name: LineRenderer
  m_TagString: Untagged
  m_Icon: {fileID: 0}
  m_NavMeshLayer: 0
  m_StaticEditorFlags: 0
  m_IsActive: 1
--- !u!4 &1735981987301907223
Transform:
  m_ObjectHideFlags: 0
  m_CorrespondingSourceObject: {fileID: 0}
  m_PrefabInstance: {fileID: 0}
  m_PrefabAsset: {fileID: 0}
  m_GameObject: {fileID: 1735981987301907226}
  m_LocalRotation: {x: -0, y: -0, z: -0, w: 1}
  m_LocalPosition: {x: 9.1157, y: 0.962966, z: -0.00627923}
  m_LocalScale: {x: 0.1, y: 0.1, z: 0.1}
  m_Children: []
  m_Father: {fileID: 1735981986068175961}
  m_RootOrder: 1
  m_LocalEulerAnglesHint: {x: 0, y: 0, z: 0}
--- !u!120 &1735981987301907224
LineRenderer:
  m_ObjectHideFlags: 0
  m_CorrespondingSourceObject: {fileID: 0}
  m_PrefabInstance: {fileID: 0}
  m_PrefabAsset: {fileID: 0}
  m_GameObject: {fileID: 1735981987301907226}
  m_Enabled: 1
  m_CastShadows: 1
  m_ReceiveShadows: 1
  m_DynamicOccludee: 1
  m_MotionVectors: 0
  m_LightProbeUsage: 0
  m_ReflectionProbeUsage: 0
  m_RayTracingMode: 0
  m_RenderingLayerMask: 1
  m_RendererPriority: 0
  m_Materials:
  - {fileID: 2100000, guid: bfdb499f103ca5047a0b1156f9ef0129, type: 2}
  m_StaticBatchInfo:
    firstSubMesh: 0
    subMeshCount: 0
  m_StaticBatchRoot: {fileID: 0}
  m_ProbeAnchor: {fileID: 0}
  m_LightProbeVolumeOverride: {fileID: 0}
  m_ScaleInLightmap: 1
  m_ReceiveGI: 1
  m_PreserveUVs: 0
  m_IgnoreNormalsForChartDetection: 0
  m_ImportantGI: 0
  m_StitchLightmapSeams: 1
  m_SelectedEditorRenderState: 3
  m_MinimumChartSize: 4
  m_AutoUVMaxDistance: 0.5
  m_AutoUVMaxAngle: 89
  m_LightmapParameters: {fileID: 0}
  m_SortingLayerID: 0
  m_SortingLayer: 0
  m_SortingOrder: 0
  m_Positions:
  - {x: 0.02485177, y: 1.036, z: 3.1065996}
  - {x: 0.015829545, y: 1.036, z: 3.1098588}
  - {x: 0.00867399, y: 1.036, z: 3.1193404}
  - {x: 0.0032517673, y: 1.0359999, z: 3.1345994}
  - {x: -0.00057045196, y: 1.0360001, z: 3.1551924}
  - {x: -0.002926009, y: 1.0359999, z: 3.1806736}
  - {x: -0.003948233, y: 1.0359999, z: 3.2105997}
  - {x: -0.0037704515, y: 1.036, z: 3.2445254}
  - {x: -0.0025260085, y: 1.0360001, z: 3.2820075}
  - {x: -0.00034823228, y: 1.036, z: 3.3225996}
  - {x: 0.002629547, y: 1.0359999, z: 3.3658586}
  - {x: 0.0062739956, y: 1.036, z: 3.4113407}
  - {x: 0.010451774, y: 1.036, z: 3.4585998}
  - {x: 0.015029552, y: 1.0359999, z: 3.5071921}
  - {x: 0.019873992, y: 1.0359999, z: 3.5566735}
  - {x: 0.02485177, y: 1.036, z: 3.6065996}
  - {x: 0.02982955, y: 1.036, z: 3.6565259}
  - {x: 0.034674, y: 1.036, z: 3.706007}
  - {x: 0.03925177, y: 1.036, z: 3.7545998}
  - {x: 0.043429554, y: 1.036, z: 3.801859}
  - {x: 0.047073994, y: 1.036, z: 3.8473406}
  - {x: 0.05005177, y: 1.036, z: 3.8906}
  - {x: 0.052229546, y: 1.036, z: 3.9311924}
  - {x: 0.053473994, y: 1.036, z: 3.968674}
  - {x: 0.053651772, y: 1.036, z: 4.0025997}
  - {x: 0.052629545, y: 1.036, z: 4.0325255}
  - {x: 0.050273985, y: 1.036, z: 4.0580072}
  - {x: 0.046451762, y: 1.036, z: 4.0786}
  - {x: 0.041029535, y: 1.036, z: 4.093859}
  - {x: 0.033873983, y: 1.036, z: 4.1033406}
  - {x: 0.02485177, y: 1.036, z: 4.1066}
  m_Parameters:
    serializedVersion: 3
    widthMultiplier: 1
    widthCurve:
      serializedVersion: 2
      m_Curve:
      - serializedVersion: 3
        time: 0.0036429875
        value: 0.0025453474
        inSlope: 0
        outSlope: 0
        tangentMode: 0
        weightedMode: 0
        inWeight: 0.33333334
        outWeight: 0.33333334
      m_PreInfinity: 2
      m_PostInfinity: 2
      m_RotationOrder: 4
    colorGradient:
      serializedVersion: 2
      key0: {r: 0.7924528, g: 0.115877524, b: 0.115877524, a: 1}
      key1: {r: 1, g: 1, b: 1, a: 1}
      key2: {r: 0, g: 0, b: 0, a: 0}
      key3: {r: 0, g: 0, b: 0, a: 0}
      key4: {r: 0, g: 0, b: 0, a: 0}
      key5: {r: 0, g: 0, b: 0, a: 0}
      key6: {r: 0, g: 0, b: 0, a: 0}
      key7: {r: 0, g: 0, b: 0, a: 0}
      ctime0: 0
      ctime1: 65535
      ctime2: 0
      ctime3: 0
      ctime4: 0
      ctime5: 0
      ctime6: 0
      ctime7: 0
      atime0: 0
      atime1: 65535
      atime2: 0
      atime3: 0
      atime4: 0
      atime5: 0
      atime6: 0
      atime7: 0
      m_Mode: 0
      m_NumColorKeys: 2
      m_NumAlphaKeys: 2
    numCornerVertices: 0
    numCapVertices: 0
    alignment: 0
    textureMode: 0
    shadowBias: 0.5
    generateLightingData: 0
  m_UseWorldSpace: 1
  m_Loop: 0
--- !u!114 &1735981987301907225
MonoBehaviour:
  m_ObjectHideFlags: 0
  m_CorrespondingSourceObject: {fileID: 0}
  m_PrefabInstance: {fileID: 0}
  m_PrefabAsset: {fileID: 0}
  m_GameObject: {fileID: 1735981987301907226}
  m_Enabled: 1
  m_EditorHideFlags: 0
  m_Script: {fileID: 11500000, guid: 09bf7d81c21c8564abb7c13d3e848e94, type: 3}
  m_Name: 
  m_EditorClassIdentifier: 
  m_spline: {fileID: 1735981987114836794}
  m_splineSampleRange: {x: 0, y: 1}
  m_smoothness: 30
  executeInEditMode: 1
  prevSpline: {fileID: 1735981987114836794}
--- !u!114 &1735981987301907222
MonoBehaviour:
  m_ObjectHideFlags: 0
  m_CorrespondingSourceObject: {fileID: 0}
  m_PrefabInstance: {fileID: 0}
  m_PrefabAsset: {fileID: 0}
  m_GameObject: {fileID: 1735981987301907226}
  m_Enabled: 1
  m_EditorHideFlags: 0
  m_Script: {fileID: 11500000, guid: 9b6258aafd9a87344833937e5e546638, type: 3}
  m_Name: 
  m_EditorClassIdentifier: 
  m_spline: {fileID: 1735981987114836794}
  m_normalizedT: 0
  m_updatePosition: 1
  m_positionOffset: {x: 0, y: 0, z: 0}
  m_updateRotation: 1
  m_rotationOffset: {x: 0, y: 0, z: 0}
  executeInEditMode: 0
  prevSpline: {fileID: 1735981987114836794}
