%YAML 1.1
%TAG !u! tag:unity3d.com,2011:
--- !u!1 &538389002
GameObject:
  m_ObjectHideFlags: 0
  m_CorrespondingSourceObject: {fileID: 0}
  m_PrefabInstance: {fileID: 0}
  m_PrefabAsset: {fileID: 0}
  serializedVersion: 6
  m_Component:
  - component: {fileID: 538389003}
  - component: {fileID: 538389004}
  m_Layer: 0
  m_Name: Directional Light
  m_TagString: Untagged
  m_Icon: {fileID: 0}
  m_NavMeshLayer: 0
  m_StaticEditorFlags: 0
  m_IsActive: 1
--- !u!4 &538389003
Transform:
  m_ObjectHideFlags: 0
  m_CorrespondingSourceObject: {fileID: 0}
  m_PrefabInstance: {fileID: 0}
  m_PrefabAsset: {fileID: 0}
  m_GameObject: {fileID: 538389002}
  m_LocalRotation: {x: 0, y: 0.7071068, z: 0, w: 0.7071068}
  m_LocalPosition: {x: 0, y: 0, z: 0}
  m_LocalScale: {x: 1, y: 1, z: 1}
  m_Children: []
  m_Father: {fileID: 969512822861608234}
  m_RootOrder: 0
  m_LocalEulerAnglesHint: {x: 0, y: 90, z: 0}
--- !u!108 &538389004
Light:
  m_ObjectHideFlags: 0
  m_CorrespondingSourceObject: {fileID: 0}
  m_PrefabInstance: {fileID: 0}
  m_PrefabAsset: {fileID: 0}
  m_GameObject: {fileID: 538389002}
  m_Enabled: 1
  serializedVersion: 10
  m_Type: 1
  m_Shape: 0
  m_Color: {r: 1, g: 1, b: 1, a: 1}
  m_Intensity: 1
  m_Range: 10
  m_SpotAngle: 30
  m_InnerSpotAngle: 21.80208
  m_CookieSize: 10
  m_Shadows:
    m_Type: 0
    m_Resolution: -1
    m_CustomResolution: -1
    m_Strength: 1
    m_Bias: 0.05
    m_NormalBias: 0.4
    m_NearPlane: 0.2
    m_CullingMatrixOverride:
      e00: 1
      e01: 0
      e02: 0
      e03: 0
      e10: 0
      e11: 1
      e12: 0
      e13: 0
      e20: 0
      e21: 0
      e22: 1
      e23: 0
      e30: 0
      e31: 0
      e32: 0
      e33: 1
    m_UseCullingMatrixOverride: 0
  m_Cookie: {fileID: 0}
  m_DrawHalo: 0
  m_Flare: {fileID: 0}
  m_RenderMode: 0
  m_CullingMask:
    serializedVersion: 2
    m_Bits: 4294967295
  m_RenderingLayerMask: 1
  m_Lightmapping: 4
  m_LightShadowCasterMode: 0
  m_AreaSize: {x: 1, y: 1}
  m_BounceIntensity: 1
  m_ColorTemperature: 6570
  m_UseColorTemperature: 0
  m_BoundingSphereOverride: {x: 0, y: 0, z: 0, w: 0}
  m_UseBoundingSphereOverride: 0
  m_ShadowRadius: 0
  m_ShadowAngle: 0
--- !u!143 &959621375
CharacterController:
  m_ObjectHideFlags: 0
  m_CorrespondingSourceObject: {fileID: 0}
  m_PrefabInstance: {fileID: 0}
  m_PrefabAsset: {fileID: 0}
  m_GameObject: {fileID: 969512822861798722}
  m_Material: {fileID: 0}
  m_IsTrigger: 0
  m_Enabled: 1
  serializedVersion: 2
  m_Height: 2
  m_Radius: 0.5
  m_SlopeLimit: 45
  m_StepOffset: 0.3
  m_SkinWidth: 0.08
  m_MinMoveDistance: 0.001
  m_Center: {x: 0, y: 0, z: 0}
--- !u!114 &959621373
MonoBehaviour:
  m_ObjectHideFlags: 0
  m_CorrespondingSourceObject: {fileID: 0}
  m_PrefabInstance: {fileID: 0}
  m_PrefabAsset: {fileID: 0}
  m_GameObject: {fileID: 969512822861798722}
  m_Enabled: 1
  m_EditorHideFlags: 0
  m_Script: {fileID: 11500000, guid: 4ee9f06958d0a0a4e81192729bf04f47, type: 3}
  m_Name: 
  m_EditorClassIdentifier: 
  showController: 0
--- !u!114 &959621374
MonoBehaviour:
  m_ObjectHideFlags: 0
  m_CorrespondingSourceObject: {fileID: 0}
  m_PrefabInstance: {fileID: 0}
  m_PrefabAsset: {fileID: 0}
  m_GameObject: {fileID: 969512822861798722}
  m_Enabled: 1
  m_EditorHideFlags: 0
  m_Script: {fileID: 11500000, guid: 4c4020d482e18d04dae8b210102bc624, type: 3}
  m_Name: 
  m_EditorClassIdentifier: 
  input:
    actionPath: /actions/default/in/TouchPad
    needsReinit: 0
  speed: 1
--- !u!114 &1734525160
MonoBehaviour:
  m_ObjectHideFlags: 0
  m_CorrespondingSourceObject: {fileID: 0}
  m_PrefabInstance: {fileID: 0}
  m_PrefabAsset: {fileID: 0}
  m_GameObject: {fileID: 969512822861892494}
  m_Enabled: 1
  m_EditorHideFlags: 0
  m_Script: {fileID: 11500000, guid: a015254ae78008c4d86f22abfeb14c6f, type: 3}
  m_Name: 
  m_EditorClassIdentifier: 
--- !u!114 &1734525161
MonoBehaviour:
  m_ObjectHideFlags: 0
  m_CorrespondingSourceObject: {fileID: 0}
  m_PrefabInstance: {fileID: 0}
  m_PrefabAsset: {fileID: 0}
  m_GameObject: {fileID: 969512822861892494}
  m_Enabled: 1
  m_EditorHideFlags: 0
  m_Script: {fileID: 11500000, guid: 6b04cb61820cd7e40beb0d31b6d19947, type: 3}
  m_Name: 
  m_EditorClassIdentifier: 
--- !u!114 &1734525162
MonoBehaviour:
  m_ObjectHideFlags: 0
  m_CorrespondingSourceObject: {fileID: 0}
  m_PrefabInstance: {fileID: 0}
  m_PrefabAsset: {fileID: 0}
  m_GameObject: {fileID: 969512822861892494}
  m_Enabled: 1
  m_EditorHideFlags: 0
  m_Script: {fileID: 11500000, guid: 8eb53d90bf3b9d346a6db2a5695dc1db, type: 3}
  m_Name: 
  m_EditorClassIdentifier: 
--- !u!114 &1782015672
MonoBehaviour:
  m_ObjectHideFlags: 0
  m_CorrespondingSourceObject: {fileID: 0}
  m_PrefabInstance: {fileID: 0}
  m_PrefabAsset: {fileID: 0}
  m_GameObject: {fileID: 969512822861908924}
  m_Enabled: 1
  m_EditorHideFlags: 0
  m_Script: {fileID: 11500000, guid: f9cffb4141b3113418e1762c6abeacc0, type: 3}
  m_Name: 
  m_EditorClassIdentifier: 
  laserPointer: {fileID: 0}
--- !u!114 &1782015673
MonoBehaviour:
  m_ObjectHideFlags: 0
  m_CorrespondingSourceObject: {fileID: 0}
  m_PrefabInstance: {fileID: 0}
  m_PrefabAsset: {fileID: 0}
  m_GameObject: {fileID: 969512822861908924}
  m_Enabled: 1
  m_EditorHideFlags: 0
  m_Script: {fileID: 11500000, guid: 8eb53d90bf3b9d346a6db2a5695dc1db, type: 3}
  m_Name: 
  m_EditorClassIdentifier: 
--- !u!114 &1782015674
MonoBehaviour:
  m_ObjectHideFlags: 0
  m_CorrespondingSourceObject: {fileID: 0}
  m_PrefabInstance: {fileID: 0}
  m_PrefabAsset: {fileID: 0}
  m_GameObject: {fileID: 969512822861908924}
  m_Enabled: 1
  m_EditorHideFlags: 0
  m_Script: {fileID: 11500000, guid: a015254ae78008c4d86f22abfeb14c6f, type: 3}
  m_Name: 
  m_EditorClassIdentifier: 
--- !u!114 &1782015675
MonoBehaviour:
  m_ObjectHideFlags: 0
  m_CorrespondingSourceObject: {fileID: 0}
  m_PrefabInstance: {fileID: 0}
  m_PrefabAsset: {fileID: 0}
  m_GameObject: {fileID: 969512822861908924}
  m_Enabled: 1
  m_EditorHideFlags: 0
  m_Script: {fileID: 11500000, guid: 6b04cb61820cd7e40beb0d31b6d19947, type: 3}
  m_Name: 
  m_EditorClassIdentifier: 
--- !u!114 &1782015676
MonoBehaviour:
  m_ObjectHideFlags: 0
  m_CorrespondingSourceObject: {fileID: 0}
  m_PrefabInstance: {fileID: 0}
  m_PrefabAsset: {fileID: 0}
  m_GameObject: {fileID: 969512822861908924}
  m_Enabled: 1
  m_EditorHideFlags: 0
  m_Script: {fileID: 11500000, guid: b2f511c1adaa1e94ebe7ca97bbcabd17, type: 3}
  m_Name: 
  m_EditorClassIdentifier: 
  pose: {fileID: 0}
  interactWithUI:
    actionPath: /actions/default/in/InteractUI
    needsReinit: 0
  active: 1
  color: {r: 0, g: 0, b: 0, a: 0}
  thickness: 0.002
  clickColor: {r: 0, g: 1, b: 0, a: 1}
  holder: {fileID: 0}
  pointer: {fileID: 0}
  addRigidBody: 0
  reference: {fileID: 0}
  hitPoint: {x: 0, y: 0, z: 0}
--- !u!1001 &969512822861773032
PrefabInstance:
  m_ObjectHideFlags: 0
  serializedVersion: 2
  m_Modification:
    m_TransformParent: {fileID: 0}
    m_Modifications:
    - target: {fileID: 107946, guid: dc06161b6d97feb419f45f03b62e14b9, type: 3}
      propertyPath: m_Name
      value: Player Variant
      objectReference: {fileID: 0}
    - target: {fileID: 107946, guid: dc06161b6d97feb419f45f03b62e14b9, type: 3}
      propertyPath: m_TagString
      value: Player
      objectReference: {fileID: 0}
    - target: {fileID: 447954, guid: dc06161b6d97feb419f45f03b62e14b9, type: 3}
      propertyPath: m_RootOrder
      value: 0
      objectReference: {fileID: 0}
    - target: {fileID: 447954, guid: dc06161b6d97feb419f45f03b62e14b9, type: 3}
      propertyPath: m_LocalScale.x
      value: 1
      objectReference: {fileID: 0}
    - target: {fileID: 447954, guid: dc06161b6d97feb419f45f03b62e14b9, type: 3}
      propertyPath: m_LocalScale.z
      value: 1
      objectReference: {fileID: 0}
    - target: {fileID: 447954, guid: dc06161b6d97feb419f45f03b62e14b9, type: 3}
      propertyPath: m_LocalPosition.x
      value: -0.17000008
      objectReference: {fileID: 0}
    - target: {fileID: 447954, guid: dc06161b6d97feb419f45f03b62e14b9, type: 3}
      propertyPath: m_LocalPosition.y
      value: 0.02
      objectReference: {fileID: 0}
    - target: {fileID: 447954, guid: dc06161b6d97feb419f45f03b62e14b9, type: 3}
      propertyPath: m_LocalPosition.z
      value: -0.11000004
      objectReference: {fileID: 0}
    - target: {fileID: 447954, guid: dc06161b6d97feb419f45f03b62e14b9, type: 3}
      propertyPath: m_LocalRotation.w
      value: 1
      objectReference: {fileID: 0}
    - target: {fileID: 447954, guid: dc06161b6d97feb419f45f03b62e14b9, type: 3}
      propertyPath: m_LocalRotation.x
      value: -0
      objectReference: {fileID: 0}
    - target: {fileID: 447954, guid: dc06161b6d97feb419f45f03b62e14b9, type: 3}
      propertyPath: m_LocalRotation.y
      value: -0
      objectReference: {fileID: 0}
    - target: {fileID: 447954, guid: dc06161b6d97feb419f45f03b62e14b9, type: 3}
      propertyPath: m_LocalRotation.z
      value: -0
      objectReference: {fileID: 0}
    - target: {fileID: 447954, guid: dc06161b6d97feb419f45f03b62e14b9, type: 3}
      propertyPath: m_LocalEulerAnglesHint.x
      value: 0
      objectReference: {fileID: 0}
    - target: {fileID: 447954, guid: dc06161b6d97feb419f45f03b62e14b9, type: 3}
      propertyPath: m_LocalEulerAnglesHint.y
      value: 0
      objectReference: {fileID: 0}
    - target: {fileID: 447954, guid: dc06161b6d97feb419f45f03b62e14b9, type: 3}
      propertyPath: m_LocalEulerAnglesHint.z
      value: 0
      objectReference: {fileID: 0}
    m_RemovedComponents: []
  m_SourcePrefab: {fileID: 100100000, guid: dc06161b6d97feb419f45f03b62e14b9, type: 3}
--- !u!1 &969512822861798722 stripped
GameObject:
  m_CorrespondingSourceObject: {fileID: 107946, guid: dc06161b6d97feb419f45f03b62e14b9,
    type: 3}
  m_PrefabInstance: {fileID: 969512822861773032}
  m_PrefabAsset: {fileID: 0}
--- !u!1 &969512822861892494 stripped
GameObject:
  m_CorrespondingSourceObject: {fileID: 144230, guid: dc06161b6d97feb419f45f03b62e14b9,
    type: 3}
  m_PrefabInstance: {fileID: 969512822861773032}
  m_PrefabAsset: {fileID: 0}
--- !u!1 &969512822861908924 stripped
GameObject:
  m_CorrespondingSourceObject: {fileID: 160596, guid: dc06161b6d97feb419f45f03b62e14b9,
    type: 3}
  m_PrefabInstance: {fileID: 969512822861773032}
  m_PrefabAsset: {fileID: 0}
--- !u!4 &969512822861608234 stripped
Transform:
  m_CorrespondingSourceObject: {fileID: 429506, guid: dc06161b6d97feb419f45f03b62e14b9,
    type: 3}
  m_PrefabInstance: {fileID: 969512822861773032}
  m_PrefabAsset: {fileID: 0}
