%YAML 1.1
%TAG !u! tag:unity3d.com,2011:
--- !u!1 &4285453764579658049
GameObject:
  m_ObjectHideFlags: 0
  m_CorrespondingSourceObject: {fileID: 0}
  m_PrefabInstance: {fileID: 0}
  m_PrefabAsset: {fileID: 0}
  serializedVersion: 6
  m_Component:
  - component: {fileID: 906289812575316329}
  - component: {fileID: 1906425455155085911}
  - component: {fileID: 6847529444004476183}
  m_Layer: 10
  m_Name: Sphere
  m_TagString: Untagged
  m_Icon: {fileID: 0}
  m_NavMeshLayer: 0
  m_StaticEditorFlags: 0
  m_IsActive: 1
--- !u!4 &906289812575316329
Transform:
  m_ObjectHideFlags: 0
  m_CorrespondingSourceObject: {fileID: 0}
  m_PrefabInstance: {fileID: 0}
  m_PrefabAsset: {fileID: 0}
  m_GameObject: {fileID: 4285453764579658049}
  m_LocalRotation: {x: -0, y: -0, z: -0, w: 1}
  m_LocalPosition: {x: 0, y: 0, z: 0}
  m_LocalScale: {x: 0.08, y: 0.08, z: 0.08}
  m_Children:
  - {fileID: 81370765890615381}
  - {fileID: 4966382585604521493}
  m_Father: {fileID: 826039052610667992}
  m_RootOrder: 0
  m_LocalEulerAnglesHint: {x: 0, y: 0, z: 0}
--- !u!33 &1906425455155085911
MeshFilter:
  m_ObjectHideFlags: 0
  m_CorrespondingSourceObject: {fileID: 0}
  m_PrefabInstance: {fileID: 0}
  m_PrefabAsset: {fileID: 0}
  m_GameObject: {fileID: 4285453764579658049}
  m_Mesh: {fileID: 10207, guid: 0000000000000000e000000000000000, type: 0}
--- !u!23 &6847529444004476183
MeshRenderer:
  m_ObjectHideFlags: 0
  m_CorrespondingSourceObject: {fileID: 0}
  m_PrefabInstance: {fileID: 0}
  m_PrefabAsset: {fileID: 0}
  m_GameObject: {fileID: 4285453764579658049}
  m_Enabled: 1
  m_CastShadows: 1
  m_ReceiveShadows: 1
  m_DynamicOccludee: 1
  m_MotionVectors: 1
  m_LightProbeUsage: 1
  m_ReflectionProbeUsage: 1
  m_RayTracingMode: 2
  m_RenderingLayerMask: 1
  m_RendererPriority: 0
  m_Materials:
  - {fileID: 2100000, guid: 504e4cb56420a8248bb6fc630cadfdf1, type: 2}
  m_StaticBatchInfo:
    firstSubMesh: 0
    subMeshCount: 0
  m_StaticBatchRoot: {fileID: 0}
  m_ProbeAnchor: {fileID: 0}
  m_LightProbeVolumeOverride: {fileID: 0}
  m_ScaleInLightmap: 1
  m_ReceiveGI: 1
  m_PreserveUVs: 0
  m_IgnoreNormalsForChartDetection: 0
  m_ImportantGI: 0
  m_StitchLightmapSeams: 1
  m_SelectedEditorRenderState: 3
  m_MinimumChartSize: 4
  m_AutoUVMaxDistance: 0.5
  m_AutoUVMaxAngle: 89
  m_LightmapParameters: {fileID: 0}
  m_SortingLayerID: 0
  m_SortingLayer: 0
  m_SortingOrder: 0
--- !u!1 &5998458503504288327
GameObject:
  m_ObjectHideFlags: 0
  m_CorrespondingSourceObject: {fileID: 0}
  m_PrefabInstance: {fileID: 0}
  m_PrefabAsset: {fileID: 0}
  serializedVersion: 6
  m_Component:
  - component: {fileID: 826039052610667992}
  - component: {fileID: 325335534955263211}
  - component: {fileID: 7249434124787528457}
  - component: {fileID: 4395974550406118092}
  m_Layer: 10
  m_Name: CollisionIcon
  m_TagString: ArObjects
  m_Icon: {fileID: 0}
  m_NavMeshLayer: 0
  m_StaticEditorFlags: 0
  m_IsActive: 1
--- !u!4 &826039052610667992
Transform:
  m_ObjectHideFlags: 0
  m_CorrespondingSourceObject: {fileID: 0}
  m_PrefabInstance: {fileID: 0}
  m_PrefabAsset: {fileID: 0}
  m_GameObject: {fileID: 5998458503504288327}
  m_LocalRotation: {x: 0, y: 0, z: 0, w: 1}
  m_LocalPosition: {x: 0, y: 0, z: 0}
  m_LocalScale: {x: 1, y: 1, z: 1}
  m_Children:
  - {fileID: 906289812575316329}
  m_Father: {fileID: 0}
  m_RootOrder: 0
  m_LocalEulerAnglesHint: {x: 0, y: 0, z: 0}
--- !u!114 &325335534955263211
MonoBehaviour:
  m_ObjectHideFlags: 0
  m_CorrespondingSourceObject: {fileID: 0}
  m_PrefabInstance: {fileID: 0}
  m_PrefabAsset: {fileID: 0}
  m_GameObject: {fileID: 5998458503504288327}
  m_Enabled: 1
  m_EditorHideFlags: 0
  m_Script: {fileID: 11500000, guid: 7df718c74a3d1244aba345a51163a2a4, type: 3}
  m_Name: 
  m_EditorClassIdentifier: 
  bezierCurveModel: {fileID: 1735981986068175963, guid: cdd65b0823f0df9498be1ab1ce7ce65c,
    type: 3}
  outlineSphere: {fileID: 8411461279100921502}
--- !u!135 &7249434124787528457
SphereCollider:
  m_ObjectHideFlags: 0
  m_CorrespondingSourceObject: {fileID: 0}
  m_PrefabInstance: {fileID: 0}
  m_PrefabAsset: {fileID: 0}
  m_GameObject: {fileID: 5998458503504288327}
  m_Material: {fileID: 0}
  m_IsTrigger: 1
  m_Enabled: 1
  serializedVersion: 2
  m_Radius: 0.05
  m_Center: {x: 0, y: 0, z: 0}
--- !u!54 &4395974550406118092
Rigidbody:
  m_ObjectHideFlags: 0
  m_CorrespondingSourceObject: {fileID: 0}
  m_PrefabInstance: {fileID: 0}
  m_PrefabAsset: {fileID: 0}
  m_GameObject: {fileID: 5998458503504288327}
  serializedVersion: 2
  m_Mass: 1
  m_Drag: 0
  m_AngularDrag: 0.05
  m_UseGravity: 0
  m_IsKinematic: 1
  m_Interpolate: 0
  m_Constraints: 0
  m_CollisionDetection: 0
--- !u!1 &6166998046585645872
GameObject:
  m_ObjectHideFlags: 0
  m_CorrespondingSourceObject: {fileID: 0}
  m_PrefabInstance: {fileID: 0}
  m_PrefabAsset: {fileID: 0}
  serializedVersion: 6
  m_Component:
  - component: {fileID: 4966382585604521493}
  - component: {fileID: 7402952333736215254}
  m_Layer: 10
  m_Name: Letter
  m_TagString: Untagged
  m_Icon: {fileID: 0}
  m_NavMeshLayer: 0
  m_StaticEditorFlags: 0
  m_IsActive: 1
--- !u!4 &4966382585604521493
Transform:
  m_ObjectHideFlags: 0
  m_CorrespondingSourceObject: {fileID: 0}
  m_PrefabInstance: {fileID: 0}
  m_PrefabAsset: {fileID: 0}
  m_GameObject: {fileID: 6166998046585645872}
  m_LocalRotation: {x: 0, y: 0, z: 0, w: 1}
  m_LocalPosition: {x: 0, y: 0, z: 0}
  m_LocalScale: {x: 1, y: 1, z: 1}
  m_Children:
  - {fileID: 1111178044451558764}
  m_Father: {fileID: 906289812575316329}
  m_RootOrder: 1
  m_LocalEulerAnglesHint: {x: 0, y: 0, z: 0}
--- !u!114 &7402952333736215254
MonoBehaviour:
  m_ObjectHideFlags: 0
  m_CorrespondingSourceObject: {fileID: 0}
  m_PrefabInstance: {fileID: 0}
  m_PrefabAsset: {fileID: 0}
  m_GameObject: {fileID: 6166998046585645872}
  m_Enabled: 1
  m_EditorHideFlags: 0
  m_Script: {fileID: 11500000, guid: 9455e0d88d11d4943a0149889d3836ed, type: 3}
  m_Name: 
  m_EditorClassIdentifier: 
  xSpin: 0
  ySpin: -10
  zSpin: 0
--- !u!1001 &639805774109012615
PrefabInstance:
  m_ObjectHideFlags: 0
  serializedVersion: 2
  m_Modification:
    m_TransformParent: {fileID: 4966382585604521493}
    m_Modifications:
    - target: {fileID: -8679921383154817045, guid: fdd089aba08b28c42a4b4068383af416,
        type: 3}
      propertyPath: m_RootOrder
      value: 0
      objectReference: {fileID: 0}
    - target: {fileID: -8679921383154817045, guid: fdd089aba08b28c42a4b4068383af416,
        type: 3}
      propertyPath: m_LocalPosition.x
      value: -0.392
      objectReference: {fileID: 0}
    - target: {fileID: -8679921383154817045, guid: fdd089aba08b28c42a4b4068383af416,
        type: 3}
      propertyPath: m_LocalPosition.y
      value: -0.361
      objectReference: {fileID: 0}
    - target: {fileID: -8679921383154817045, guid: fdd089aba08b28c42a4b4068383af416,
        type: 3}
      propertyPath: m_LocalPosition.z
      value: -0.086
      objectReference: {fileID: 0}
    - target: {fileID: -8679921383154817045, guid: fdd089aba08b28c42a4b4068383af416,
        type: 3}
      propertyPath: m_LocalRotation.w
      value: -2.3114565e-24
      objectReference: {fileID: 0}
    - target: {fileID: -8679921383154817045, guid: fdd089aba08b28c42a4b4068383af416,
        type: 3}
      propertyPath: m_LocalRotation.x
      value: -6.123234e-17
      objectReference: {fileID: 0}
    - target: {fileID: -8679921383154817045, guid: fdd089aba08b28c42a4b4068383af416,
        type: 3}
      propertyPath: m_LocalRotation.y
      value: 1
      objectReference: {fileID: 0}
    - target: {fileID: -8679921383154817045, guid: fdd089aba08b28c42a4b4068383af416,
        type: 3}
      propertyPath: m_LocalRotation.z
      value: 0.00000003774895
      objectReference: {fileID: 0}
    - target: {fileID: -8679921383154817045, guid: fdd089aba08b28c42a4b4068383af416,
        type: 3}
      propertyPath: m_LocalEulerAnglesHint.x
      value: 0
      objectReference: {fileID: 0}
    - target: {fileID: -8679921383154817045, guid: fdd089aba08b28c42a4b4068383af416,
        type: 3}
      propertyPath: m_LocalEulerAnglesHint.y
      value: 0
      objectReference: {fileID: 0}
    - target: {fileID: -8679921383154817045, guid: fdd089aba08b28c42a4b4068383af416,
        type: 3}
      propertyPath: m_LocalEulerAnglesHint.z
      value: 0
      objectReference: {fileID: 0}
    - target: {fileID: 919132149155446097, guid: fdd089aba08b28c42a4b4068383af416,
        type: 3}
      propertyPath: m_Name
      value: C
      objectReference: {fileID: 0}
    - target: {fileID: 919132149155446097, guid: fdd089aba08b28c42a4b4068383af416,
        type: 3}
      propertyPath: m_Layer
      value: 10
      objectReference: {fileID: 0}
    m_RemovedComponents: []
  m_SourcePrefab: {fileID: 100100000, guid: fdd089aba08b28c42a4b4068383af416, type: 3}
--- !u!4 &1111178044451558764 stripped
Transform:
  m_CorrespondingSourceObject: {fileID: -8679921383154817045, guid: fdd089aba08b28c42a4b4068383af416,
    type: 3}
  m_PrefabInstance: {fileID: 639805774109012615}
  m_PrefabAsset: {fileID: 0}
--- !u!1001 &2175660348186129253
PrefabInstance:
  m_ObjectHideFlags: 0
  serializedVersion: 2
  m_Modification:
    m_TransformParent: {fileID: 906289812575316329}
    m_Modifications:
    - target: {fileID: 2238405326569966384, guid: cb9c254efbc6d0848b655637487d110b,
        type: 3}
      propertyPath: m_RootOrder
      value: 0
      objectReference: {fileID: 0}
    - target: {fileID: 2238405326569966384, guid: cb9c254efbc6d0848b655637487d110b,
        type: 3}
      propertyPath: m_LocalPosition.x
      value: 0
      objectReference: {fileID: 0}
    - target: {fileID: 2238405326569966384, guid: cb9c254efbc6d0848b655637487d110b,
        type: 3}
      propertyPath: m_LocalPosition.y
      value: 0
      objectReference: {fileID: 0}
    - target: {fileID: 2238405326569966384, guid: cb9c254efbc6d0848b655637487d110b,
        type: 3}
      propertyPath: m_LocalPosition.z
      value: 0
      objectReference: {fileID: 0}
    - target: {fileID: 2238405326569966384, guid: cb9c254efbc6d0848b655637487d110b,
        type: 3}
      propertyPath: m_LocalRotation.w
      value: 1
      objectReference: {fileID: 0}
    - target: {fileID: 2238405326569966384, guid: cb9c254efbc6d0848b655637487d110b,
        type: 3}
      propertyPath: m_LocalRotation.x
      value: -0
      objectReference: {fileID: 0}
    - target: {fileID: 2238405326569966384, guid: cb9c254efbc6d0848b655637487d110b,
        type: 3}
      propertyPath: m_LocalRotation.y
      value: -0
      objectReference: {fileID: 0}
    - target: {fileID: 2238405326569966384, guid: cb9c254efbc6d0848b655637487d110b,
        type: 3}
      propertyPath: m_LocalRotation.z
      value: -0
      objectReference: {fileID: 0}
    - target: {fileID: 2238405326569966384, guid: cb9c254efbc6d0848b655637487d110b,
        type: 3}
      propertyPath: m_LocalEulerAnglesHint.x
      value: 0
      objectReference: {fileID: 0}
    - target: {fileID: 2238405326569966384, guid: cb9c254efbc6d0848b655637487d110b,
        type: 3}
      propertyPath: m_LocalEulerAnglesHint.y
      value: 0
      objectReference: {fileID: 0}
    - target: {fileID: 2238405326569966384, guid: cb9c254efbc6d0848b655637487d110b,
        type: 3}
      propertyPath: m_LocalEulerAnglesHint.z
      value: 0
      objectReference: {fileID: 0}
    - target: {fileID: 7677226659359626747, guid: cb9c254efbc6d0848b655637487d110b,
        type: 3}
      propertyPath: m_Name
      value: OutlineSphere
      objectReference: {fileID: 0}
    - target: {fileID: 7677226659359626747, guid: cb9c254efbc6d0848b655637487d110b,
        type: 3}
      propertyPath: m_Layer
      value: 10
      objectReference: {fileID: 0}
    m_RemovedComponents: []
  m_SourcePrefab: {fileID: 100100000, guid: cb9c254efbc6d0848b655637487d110b, type: 3}
--- !u!1 &8411461279100921502 stripped
GameObject:
  m_CorrespondingSourceObject: {fileID: 7677226659359626747, guid: cb9c254efbc6d0848b655637487d110b,
    type: 3}
  m_PrefabInstance: {fileID: 2175660348186129253}
  m_PrefabAsset: {fileID: 0}
--- !u!4 &81370765890615381 stripped
Transform:
  m_CorrespondingSourceObject: {fileID: 2238405326569966384, guid: cb9c254efbc6d0848b655637487d110b,
    type: 3}
  m_PrefabInstance: {fileID: 2175660348186129253}
  m_PrefabAsset: {fileID: 0}
