%YAML 1.1
%TAG !u! tag:unity3d.com,2011:
--- !u!1 &452703233451147047
GameObject:
  m_ObjectHideFlags: 0
  m_CorrespondingSourceObject: {fileID: 0}
  m_PrefabInstance: {fileID: 0}
  m_PrefabAsset: {fileID: 0}
  serializedVersion: 6
  m_Component:
  - component: {fileID: 1361920120205753770}
  - component: {fileID: 4541527293479457976}
  - component: {fileID: 3779813240544082627}
  - component: {fileID: 5799055718646749255}
  m_Layer: 10
  m_Name: ColorIcon
  m_TagString: ArObjects
  m_Icon: {fileID: 0}
  m_NavMeshLayer: 0
  m_StaticEditorFlags: 0
  m_IsActive: 1
--- !u!4 &1361920120205753770
Transform:
  m_ObjectHideFlags: 0
  m_CorrespondingSourceObject: {fileID: 0}
  m_PrefabInstance: {fileID: 0}
  m_PrefabAsset: {fileID: 0}
  m_GameObject: {fileID: 452703233451147047}
  m_LocalRotation: {x: 0, y: 0, z: 0, w: 1}
  m_LocalPosition: {x: 0, y: 0, z: 0}
  m_LocalScale: {x: 1, y: 1, z: 1}
  m_Children:
  - {fileID: 4829353371302880769}
  m_Father: {fileID: 0}
  m_RootOrder: 0
  m_LocalEulerAnglesHint: {x: 0, y: 0, z: 0}
--- !u!114 &4541527293479457976
MonoBehaviour:
  m_ObjectHideFlags: 0
  m_CorrespondingSourceObject: {fileID: 0}
  m_PrefabInstance: {fileID: 0}
  m_PrefabAsset: {fileID: 0}
  m_GameObject: {fileID: 452703233451147047}
  m_Enabled: 1
  m_EditorHideFlags: 0
  m_Script: {fileID: 11500000, guid: 7df718c74a3d1244aba345a51163a2a4, type: 3}
  m_Name: 
  m_EditorClassIdentifier: 
  bezierCurveModel: {fileID: 1735981986068175963, guid: cdd65b0823f0df9498be1ab1ce7ce65c,
    type: 3}
  outlineSphere: {fileID: 5586133405231910227}
--- !u!135 &3779813240544082627
SphereCollider:
  m_ObjectHideFlags: 0
  m_CorrespondingSourceObject: {fileID: 0}
  m_PrefabInstance: {fileID: 0}
  m_PrefabAsset: {fileID: 0}
  m_GameObject: {fileID: 452703233451147047}
  m_Material: {fileID: 0}
  m_IsTrigger: 1
  m_Enabled: 1
  serializedVersion: 2
  m_Radius: 0.05
  m_Center: {x: 0, y: 0, z: 0}
--- !u!54 &5799055718646749255
Rigidbody:
  m_ObjectHideFlags: 0
  m_CorrespondingSourceObject: {fileID: 0}
  m_PrefabInstance: {fileID: 0}
  m_PrefabAsset: {fileID: 0}
  m_GameObject: {fileID: 452703233451147047}
  serializedVersion: 2
  m_Mass: 1
  m_Drag: 0
  m_AngularDrag: 0.05
  m_UseGravity: 0
  m_IsKinematic: 1
  m_Interpolate: 0
  m_Constraints: 0
  m_CollisionDetection: 0
--- !u!1 &4664352332327844749
GameObject:
  m_ObjectHideFlags: 0
  m_CorrespondingSourceObject: {fileID: 0}
  m_PrefabInstance: {fileID: 0}
  m_PrefabAsset: {fileID: 0}
  serializedVersion: 6
  m_Component:
  - component: {fileID: 4681366620746603980}
  - component: {fileID: 7207579282181197365}
  - component: {fileID: 583796817141348974}
  - component: {fileID: 7340370671345272596}
  m_Layer: 10
  m_Name: Sphere
  m_TagString: Untagged
  m_Icon: {fileID: 0}
  m_NavMeshLayer: 0
  m_StaticEditorFlags: 0
  m_IsActive: 1
--- !u!4 &4681366620746603980
Transform:
  m_ObjectHideFlags: 0
  m_CorrespondingSourceObject: {fileID: 0}
  m_PrefabInstance: {fileID: 0}
  m_PrefabAsset: {fileID: 0}
  m_GameObject: {fileID: 4664352332327844749}
  m_LocalRotation: {x: 0, y: 0, z: 0, w: 1}
  m_LocalPosition: {x: 0, y: 0, z: 0}
  m_LocalScale: {x: 0.7, y: 0.7, z: 0.7}
  m_Children: []
  m_Father: {fileID: 4829353371302880769}
  m_RootOrder: 2
  m_LocalEulerAnglesHint: {x: 0, y: 0, z: 0}
--- !u!33 &7207579282181197365
MeshFilter:
  m_ObjectHideFlags: 0
  m_CorrespondingSourceObject: {fileID: 0}
  m_PrefabInstance: {fileID: 0}
  m_PrefabAsset: {fileID: 0}
  m_GameObject: {fileID: 4664352332327844749}
  m_Mesh: {fileID: 10207, guid: 0000000000000000e000000000000000, type: 0}
--- !u!23 &583796817141348974
MeshRenderer:
  m_ObjectHideFlags: 0
  m_CorrespondingSourceObject: {fileID: 0}
  m_PrefabInstance: {fileID: 0}
  m_PrefabAsset: {fileID: 0}
  m_GameObject: {fileID: 4664352332327844749}
  m_Enabled: 1
  m_CastShadows: 1
  m_ReceiveShadows: 1
  m_DynamicOccludee: 1
  m_MotionVectors: 1
  m_LightProbeUsage: 1
  m_ReflectionProbeUsage: 1
  m_RayTracingMode: 2
  m_RenderingLayerMask: 1
  m_RendererPriority: 0
  m_Materials:
  - {fileID: 2100000, guid: 2233cd6edfa4eee4ba7f719ac798597a, type: 2}
  m_StaticBatchInfo:
    firstSubMesh: 0
    subMeshCount: 0
  m_StaticBatchRoot: {fileID: 0}
  m_ProbeAnchor: {fileID: 0}
  m_LightProbeVolumeOverride: {fileID: 0}
  m_ScaleInLightmap: 1
  m_ReceiveGI: 1
  m_PreserveUVs: 0
  m_IgnoreNormalsForChartDetection: 0
  m_ImportantGI: 0
  m_StitchLightmapSeams: 1
  m_SelectedEditorRenderState: 3
  m_MinimumChartSize: 4
  m_AutoUVMaxDistance: 0.5
  m_AutoUVMaxAngle: 89
  m_LightmapParameters: {fileID: 0}
  m_SortingLayerID: 0
  m_SortingLayer: 0
  m_SortingOrder: 0
--- !u!135 &7340370671345272596
SphereCollider:
  m_ObjectHideFlags: 0
  m_CorrespondingSourceObject: {fileID: 0}
  m_PrefabInstance: {fileID: 0}
  m_PrefabAsset: {fileID: 0}
  m_GameObject: {fileID: 4664352332327844749}
  m_Material: {fileID: 0}
  m_IsTrigger: 0
  m_Enabled: 1
  serializedVersion: 2
  m_Radius: 0.5
  m_Center: {x: 0, y: 0, z: 0}
--- !u!1 &6969003608065068733
GameObject:
  m_ObjectHideFlags: 0
  m_CorrespondingSourceObject: {fileID: 0}
  m_PrefabInstance: {fileID: 0}
  m_PrefabAsset: {fileID: 0}
  serializedVersion: 6
  m_Component:
  - component: {fileID: 4829353371302880769}
  - component: {fileID: 705290768809280021}
  - component: {fileID: 4839978960469925554}
  m_Layer: 10
  m_Name: Sphere
  m_TagString: Untagged
  m_Icon: {fileID: 0}
  m_NavMeshLayer: 0
  m_StaticEditorFlags: 0
  m_IsActive: 1
--- !u!4 &4829353371302880769
Transform:
  m_ObjectHideFlags: 0
  m_CorrespondingSourceObject: {fileID: 0}
  m_PrefabInstance: {fileID: 0}
  m_PrefabAsset: {fileID: 0}
  m_GameObject: {fileID: 6969003608065068733}
  m_LocalRotation: {x: -0, y: -0, z: -0, w: 1}
  m_LocalPosition: {x: 0, y: 0, z: 0}
  m_LocalScale: {x: 0.08, y: 0.08, z: 0.08}
  m_Children:
  - {fileID: 4044086832232338328}
  - {fileID: 4365266702150818497}
  - {fileID: 4681366620746603980}
  m_Father: {fileID: 1361920120205753770}
  m_RootOrder: 0
  m_LocalEulerAnglesHint: {x: 0, y: 0, z: 0}
--- !u!33 &705290768809280021
MeshFilter:
  m_ObjectHideFlags: 0
  m_CorrespondingSourceObject: {fileID: 0}
  m_PrefabInstance: {fileID: 0}
  m_PrefabAsset: {fileID: 0}
  m_GameObject: {fileID: 6969003608065068733}
  m_Mesh: {fileID: 10207, guid: 0000000000000000e000000000000000, type: 0}
--- !u!23 &4839978960469925554
MeshRenderer:
  m_ObjectHideFlags: 0
  m_CorrespondingSourceObject: {fileID: 0}
  m_PrefabInstance: {fileID: 0}
  m_PrefabAsset: {fileID: 0}
  m_GameObject: {fileID: 6969003608065068733}
  m_Enabled: 1
  m_CastShadows: 1
  m_ReceiveShadows: 1
  m_DynamicOccludee: 1
  m_MotionVectors: 1
  m_LightProbeUsage: 1
  m_ReflectionProbeUsage: 1
  m_RayTracingMode: 2
  m_RenderingLayerMask: 1
  m_RendererPriority: 0
  m_Materials:
  - {fileID: 2100000, guid: 504e4cb56420a8248bb6fc630cadfdf1, type: 2}
  m_StaticBatchInfo:
    firstSubMesh: 0
    subMeshCount: 0
  m_StaticBatchRoot: {fileID: 0}
  m_ProbeAnchor: {fileID: 0}
  m_LightProbeVolumeOverride: {fileID: 0}
  m_ScaleInLightmap: 1
  m_ReceiveGI: 1
  m_PreserveUVs: 0
  m_IgnoreNormalsForChartDetection: 0
  m_ImportantGI: 0
  m_StitchLightmapSeams: 1
  m_SelectedEditorRenderState: 3
  m_MinimumChartSize: 4
  m_AutoUVMaxDistance: 0.5
  m_AutoUVMaxAngle: 89
  m_LightmapParameters: {fileID: 0}
  m_SortingLayerID: 0
  m_SortingLayer: 0
  m_SortingOrder: 0
--- !u!1 &7435681487130526707
GameObject:
  m_ObjectHideFlags: 0
  m_CorrespondingSourceObject: {fileID: 0}
  m_PrefabInstance: {fileID: 0}
  m_PrefabAsset: {fileID: 0}
  serializedVersion: 6
  m_Component:
  - component: {fileID: 4365266702150818497}
  - component: {fileID: 1881443421526290681}
  m_Layer: 10
  m_Name: Letter
  m_TagString: Untagged
  m_Icon: {fileID: 0}
  m_NavMeshLayer: 0
  m_StaticEditorFlags: 0
  m_IsActive: 0
--- !u!4 &4365266702150818497
Transform:
  m_ObjectHideFlags: 0
  m_CorrespondingSourceObject: {fileID: 0}
  m_PrefabInstance: {fileID: 0}
  m_PrefabAsset: {fileID: 0}
  m_GameObject: {fileID: 7435681487130526707}
  m_LocalRotation: {x: 0, y: 0, z: 0, w: 1}
  m_LocalPosition: {x: 0, y: 0, z: 0}
  m_LocalScale: {x: 1, y: 1, z: 1}
  m_Children:
  - {fileID: 6831902821269967016}
  m_Father: {fileID: 4829353371302880769}
  m_RootOrder: 1
  m_LocalEulerAnglesHint: {x: 0, y: 0, z: 0}
--- !u!114 &1881443421526290681
MonoBehaviour:
  m_ObjectHideFlags: 0
  m_CorrespondingSourceObject: {fileID: 0}
  m_PrefabInstance: {fileID: 0}
  m_PrefabAsset: {fileID: 0}
  m_GameObject: {fileID: 7435681487130526707}
  m_Enabled: 1
  m_EditorHideFlags: 0
  m_Script: {fileID: 11500000, guid: 9455e0d88d11d4943a0149889d3836ed, type: 3}
  m_Name: 
  m_EditorClassIdentifier: 
  xSpin: 0
  ySpin: -10
  zSpin: 0
--- !u!1001 &2814488378978900136
PrefabInstance:
  m_ObjectHideFlags: 0
  serializedVersion: 2
  m_Modification:
    m_TransformParent: {fileID: 4829353371302880769}
    m_Modifications:
    - target: {fileID: 2238405326569966384, guid: cb9c254efbc6d0848b655637487d110b,
        type: 3}
      propertyPath: m_RootOrder
      value: 0
      objectReference: {fileID: 0}
    - target: {fileID: 2238405326569966384, guid: cb9c254efbc6d0848b655637487d110b,
        type: 3}
      propertyPath: m_LocalPosition.x
      value: 0
      objectReference: {fileID: 0}
    - target: {fileID: 2238405326569966384, guid: cb9c254efbc6d0848b655637487d110b,
        type: 3}
      propertyPath: m_LocalPosition.y
      value: 0
      objectReference: {fileID: 0}
    - target: {fileID: 2238405326569966384, guid: cb9c254efbc6d0848b655637487d110b,
        type: 3}
      propertyPath: m_LocalPosition.z
      value: 0
      objectReference: {fileID: 0}
    - target: {fileID: 2238405326569966384, guid: cb9c254efbc6d0848b655637487d110b,
        type: 3}
      propertyPath: m_LocalRotation.w
      value: 1
      objectReference: {fileID: 0}
    - target: {fileID: 2238405326569966384, guid: cb9c254efbc6d0848b655637487d110b,
        type: 3}
      propertyPath: m_LocalRotation.x
      value: -0
      objectReference: {fileID: 0}
    - target: {fileID: 2238405326569966384, guid: cb9c254efbc6d0848b655637487d110b,
        type: 3}
      propertyPath: m_LocalRotation.y
      value: -0
      objectReference: {fileID: 0}
    - target: {fileID: 2238405326569966384, guid: cb9c254efbc6d0848b655637487d110b,
        type: 3}
      propertyPath: m_LocalRotation.z
      value: -0
      objectReference: {fileID: 0}
    - target: {fileID: 2238405326569966384, guid: cb9c254efbc6d0848b655637487d110b,
        type: 3}
      propertyPath: m_LocalEulerAnglesHint.x
      value: 0
      objectReference: {fileID: 0}
    - target: {fileID: 2238405326569966384, guid: cb9c254efbc6d0848b655637487d110b,
        type: 3}
      propertyPath: m_LocalEulerAnglesHint.y
      value: 0
      objectReference: {fileID: 0}
    - target: {fileID: 2238405326569966384, guid: cb9c254efbc6d0848b655637487d110b,
        type: 3}
      propertyPath: m_LocalEulerAnglesHint.z
      value: 0
      objectReference: {fileID: 0}
    - target: {fileID: 7677226659359626747, guid: cb9c254efbc6d0848b655637487d110b,
        type: 3}
      propertyPath: m_Name
      value: OutlineSphere
      objectReference: {fileID: 0}
    - target: {fileID: 7677226659359626747, guid: cb9c254efbc6d0848b655637487d110b,
        type: 3}
      propertyPath: m_Layer
      value: 10
      objectReference: {fileID: 0}
    m_RemovedComponents: []
  m_SourcePrefab: {fileID: 100100000, guid: cb9c254efbc6d0848b655637487d110b, type: 3}
--- !u!1 &5586133405231910227 stripped
GameObject:
  m_CorrespondingSourceObject: {fileID: 7677226659359626747, guid: cb9c254efbc6d0848b655637487d110b,
    type: 3}
  m_PrefabInstance: {fileID: 2814488378978900136}
  m_PrefabAsset: {fileID: 0}
--- !u!4 &4044086832232338328 stripped
Transform:
  m_CorrespondingSourceObject: {fileID: 2238405326569966384, guid: cb9c254efbc6d0848b655637487d110b,
    type: 3}
  m_PrefabInstance: {fileID: 2814488378978900136}
  m_PrefabAsset: {fileID: 0}
--- !u!1001 &6432673082648065859
PrefabInstance:
  m_ObjectHideFlags: 0
  serializedVersion: 2
  m_Modification:
    m_TransformParent: {fileID: 4365266702150818497}
    m_Modifications:
    - target: {fileID: -8679921383154817045, guid: fdd089aba08b28c42a4b4068383af416,
        type: 3}
      propertyPath: m_RootOrder
      value: 0
      objectReference: {fileID: 0}
    - target: {fileID: -8679921383154817045, guid: fdd089aba08b28c42a4b4068383af416,
        type: 3}
      propertyPath: m_LocalPosition.x
      value: -0.392
      objectReference: {fileID: 0}
    - target: {fileID: -8679921383154817045, guid: fdd089aba08b28c42a4b4068383af416,
        type: 3}
      propertyPath: m_LocalPosition.y
      value: -0.361
      objectReference: {fileID: 0}
    - target: {fileID: -8679921383154817045, guid: fdd089aba08b28c42a4b4068383af416,
        type: 3}
      propertyPath: m_LocalPosition.z
      value: -0.086
      objectReference: {fileID: 0}
    - target: {fileID: -8679921383154817045, guid: fdd089aba08b28c42a4b4068383af416,
        type: 3}
      propertyPath: m_LocalRotation.w
      value: -2.3114565e-24
      objectReference: {fileID: 0}
    - target: {fileID: -8679921383154817045, guid: fdd089aba08b28c42a4b4068383af416,
        type: 3}
      propertyPath: m_LocalRotation.x
      value: -6.123234e-17
      objectReference: {fileID: 0}
    - target: {fileID: -8679921383154817045, guid: fdd089aba08b28c42a4b4068383af416,
        type: 3}
      propertyPath: m_LocalRotation.y
      value: 1
      objectReference: {fileID: 0}
    - target: {fileID: -8679921383154817045, guid: fdd089aba08b28c42a4b4068383af416,
        type: 3}
      propertyPath: m_LocalRotation.z
      value: 0.00000003774895
      objectReference: {fileID: 0}
    - target: {fileID: -8679921383154817045, guid: fdd089aba08b28c42a4b4068383af416,
        type: 3}
      propertyPath: m_LocalEulerAnglesHint.x
      value: 0
      objectReference: {fileID: 0}
    - target: {fileID: -8679921383154817045, guid: fdd089aba08b28c42a4b4068383af416,
        type: 3}
      propertyPath: m_LocalEulerAnglesHint.y
      value: 0
      objectReference: {fileID: 0}
    - target: {fileID: -8679921383154817045, guid: fdd089aba08b28c42a4b4068383af416,
        type: 3}
      propertyPath: m_LocalEulerAnglesHint.z
      value: 0
      objectReference: {fileID: 0}
    - target: {fileID: -7511558181221131132, guid: fdd089aba08b28c42a4b4068383af416,
        type: 3}
      propertyPath: m_Materials.Array.data[0]
      value: 
      objectReference: {fileID: 2100000, guid: 2233cd6edfa4eee4ba7f719ac798597a, type: 2}
    - target: {fileID: 919132149155446097, guid: fdd089aba08b28c42a4b4068383af416,
        type: 3}
      propertyPath: m_Name
      value: C
      objectReference: {fileID: 0}
    - target: {fileID: 919132149155446097, guid: fdd089aba08b28c42a4b4068383af416,
        type: 3}
      propertyPath: m_Layer
      value: 10
      objectReference: {fileID: 0}
    m_RemovedComponents: []
  m_SourcePrefab: {fileID: 100100000, guid: fdd089aba08b28c42a4b4068383af416, type: 3}
--- !u!4 &6831902821269967016 stripped
Transform:
  m_CorrespondingSourceObject: {fileID: -8679921383154817045, guid: fdd089aba08b28c42a4b4068383af416,
    type: 3}
  m_PrefabInstance: {fileID: 6432673082648065859}
  m_PrefabAsset: {fileID: 0}
