%YAML 1.1
%TAG !u! tag:unity3d.com,2011:
--- !u!1 &1843479794465385232
GameObject:
  m_ObjectHideFlags: 0
  m_CorrespondingSourceObject: {fileID: 0}
  m_PrefabInstance: {fileID: 0}
  m_PrefabAsset: {fileID: 0}
  serializedVersion: 6
  m_Component:
  - component: {fileID: 6759534246852803055}
  - component: {fileID: 919731659943903149}
  - component: {fileID: 3881596158489692098}
  - component: {fileID: 2702453410420403044}
  m_Layer: 10
  m_Name: GrabIcon
  m_TagString: ArObjects
  m_Icon: {fileID: 0}
  m_NavMeshLayer: 0
  m_StaticEditorFlags: 0
  m_IsActive: 1
--- !u!4 &6759534246852803055
Transform:
  m_ObjectHideFlags: 0
  m_CorrespondingSourceObject: {fileID: 0}
  m_PrefabInstance: {fileID: 0}
  m_PrefabAsset: {fileID: 0}
  m_GameObject: {fileID: 1843479794465385232}
  m_LocalRotation: {x: 0, y: 0, z: 0, w: 1}
  m_LocalPosition: {x: 0, y: 0, z: 0}
  m_LocalScale: {x: 1, y: 1, z: 1}
  m_Children:
  - {fileID: 2670716769381296269}
  m_Father: {fileID: 0}
  m_RootOrder: 0
  m_LocalEulerAnglesHint: {x: 0, y: 0, z: 0}
--- !u!114 &919731659943903149
MonoBehaviour:
  m_ObjectHideFlags: 0
  m_CorrespondingSourceObject: {fileID: 0}
  m_PrefabInstance: {fileID: 0}
  m_PrefabAsset: {fileID: 0}
  m_GameObject: {fileID: 1843479794465385232}
  m_Enabled: 1
  m_EditorHideFlags: 0
  m_Script: {fileID: 11500000, guid: 7df718c74a3d1244aba345a51163a2a4, type: 3}
  m_Name: 
  m_EditorClassIdentifier: 
  bezierCurveModel: {fileID: 1735981986068175963, guid: cdd65b0823f0df9498be1ab1ce7ce65c,
    type: 3}
  outlineSphere: {fileID: 7035592422743058769}
--- !u!135 &3881596158489692098
SphereCollider:
  m_ObjectHideFlags: 0
  m_CorrespondingSourceObject: {fileID: 0}
  m_PrefabInstance: {fileID: 0}
  m_PrefabAsset: {fileID: 0}
  m_GameObject: {fileID: 1843479794465385232}
  m_Material: {fileID: 0}
  m_IsTrigger: 1
  m_Enabled: 1
  serializedVersion: 2
  m_Radius: 0.04
  m_Center: {x: 0, y: 0, z: 0}
--- !u!54 &2702453410420403044
Rigidbody:
  m_ObjectHideFlags: 0
  m_CorrespondingSourceObject: {fileID: 0}
  m_PrefabInstance: {fileID: 0}
  m_PrefabAsset: {fileID: 0}
  m_GameObject: {fileID: 1843479794465385232}
  serializedVersion: 2
  m_Mass: 1
  m_Drag: 0
  m_AngularDrag: 0.05
  m_UseGravity: 0
  m_IsKinematic: 1
  m_Interpolate: 0
  m_Constraints: 0
  m_CollisionDetection: 0
--- !u!1 &7663209079527525618
GameObject:
  m_ObjectHideFlags: 0
  m_CorrespondingSourceObject: {fileID: 0}
  m_PrefabInstance: {fileID: 0}
  m_PrefabAsset: {fileID: 0}
  serializedVersion: 6
  m_Component:
  - component: {fileID: 8120589422879353890}
  - component: {fileID: 3614085475203389690}
  m_Layer: 10
  m_Name: Letter
  m_TagString: Untagged
  m_Icon: {fileID: 0}
  m_NavMeshLayer: 0
  m_StaticEditorFlags: 0
  m_IsActive: 1
--- !u!4 &8120589422879353890
Transform:
  m_ObjectHideFlags: 0
  m_CorrespondingSourceObject: {fileID: 0}
  m_PrefabInstance: {fileID: 0}
  m_PrefabAsset: {fileID: 0}
  m_GameObject: {fileID: 7663209079527525618}
  m_LocalRotation: {x: 0, y: 0, z: 0, w: 1}
  m_LocalPosition: {x: 0, y: 0, z: 0}
  m_LocalScale: {x: 1, y: 1, z: 1}
  m_Children:
  - {fileID: 5773371109544793991}
  m_Father: {fileID: 2670716769381296269}
  m_RootOrder: 1
  m_LocalEulerAnglesHint: {x: 0, y: 0, z: 0}
--- !u!114 &3614085475203389690
MonoBehaviour:
  m_ObjectHideFlags: 0
  m_CorrespondingSourceObject: {fileID: 0}
  m_PrefabInstance: {fileID: 0}
  m_PrefabAsset: {fileID: 0}
  m_GameObject: {fileID: 7663209079527525618}
  m_Enabled: 1
  m_EditorHideFlags: 0
  m_Script: {fileID: 11500000, guid: 9455e0d88d11d4943a0149889d3836ed, type: 3}
  m_Name: 
  m_EditorClassIdentifier: 
  xSpin: 0
  ySpin: -10
  zSpin: 0
--- !u!1 &8173701037239368105
GameObject:
  m_ObjectHideFlags: 0
  m_CorrespondingSourceObject: {fileID: 0}
  m_PrefabInstance: {fileID: 0}
  m_PrefabAsset: {fileID: 0}
  serializedVersion: 6
  m_Component:
  - component: {fileID: 2670716769381296269}
  - component: {fileID: 7584585182016391481}
  - component: {fileID: 7036414185078481682}
  m_Layer: 10
  m_Name: Sphere
  m_TagString: Untagged
  m_Icon: {fileID: 0}
  m_NavMeshLayer: 0
  m_StaticEditorFlags: 0
  m_IsActive: 1
--- !u!4 &2670716769381296269
Transform:
  m_ObjectHideFlags: 0
  m_CorrespondingSourceObject: {fileID: 0}
  m_PrefabInstance: {fileID: 0}
  m_PrefabAsset: {fileID: 0}
  m_GameObject: {fileID: 8173701037239368105}
  m_LocalRotation: {x: 0, y: 0, z: 0, w: 1}
  m_LocalPosition: {x: 0, y: 0, z: 0}
  m_LocalScale: {x: 0.08, y: 0.08, z: 0.08}
  m_Children:
  - {fileID: 1457450182752221082}
  - {fileID: 8120589422879353890}
  m_Father: {fileID: 6759534246852803055}
  m_RootOrder: 0
  m_LocalEulerAnglesHint: {x: 0, y: 0, z: 0}
--- !u!33 &7584585182016391481
MeshFilter:
  m_ObjectHideFlags: 0
  m_CorrespondingSourceObject: {fileID: 0}
  m_PrefabInstance: {fileID: 0}
  m_PrefabAsset: {fileID: 0}
  m_GameObject: {fileID: 8173701037239368105}
  m_Mesh: {fileID: 10207, guid: 0000000000000000e000000000000000, type: 0}
--- !u!23 &7036414185078481682
MeshRenderer:
  m_ObjectHideFlags: 0
  m_CorrespondingSourceObject: {fileID: 0}
  m_PrefabInstance: {fileID: 0}
  m_PrefabAsset: {fileID: 0}
  m_GameObject: {fileID: 8173701037239368105}
  m_Enabled: 1
  m_CastShadows: 1
  m_ReceiveShadows: 1
  m_DynamicOccludee: 1
  m_MotionVectors: 1
  m_LightProbeUsage: 1
  m_ReflectionProbeUsage: 1
  m_RayTracingMode: 2
  m_RenderingLayerMask: 1
  m_RendererPriority: 0
  m_Materials:
  - {fileID: 2100000, guid: 504e4cb56420a8248bb6fc630cadfdf1, type: 2}
  m_StaticBatchInfo:
    firstSubMesh: 0
    subMeshCount: 0
  m_StaticBatchRoot: {fileID: 0}
  m_ProbeAnchor: {fileID: 0}
  m_LightProbeVolumeOverride: {fileID: 0}
  m_ScaleInLightmap: 1
  m_ReceiveGI: 1
  m_PreserveUVs: 0
  m_IgnoreNormalsForChartDetection: 0
  m_ImportantGI: 0
  m_StitchLightmapSeams: 1
  m_SelectedEditorRenderState: 3
  m_MinimumChartSize: 4
  m_AutoUVMaxDistance: 0.5
  m_AutoUVMaxAngle: 89
  m_LightmapParameters: {fileID: 0}
  m_SortingLayerID: 0
  m_SortingLayer: 0
  m_SortingOrder: 0
--- !u!1001 &804331173484281002
PrefabInstance:
  m_ObjectHideFlags: 0
  serializedVersion: 2
  m_Modification:
    m_TransformParent: {fileID: 2670716769381296269}
    m_Modifications:
    - target: {fileID: 2238405326569966384, guid: cb9c254efbc6d0848b655637487d110b,
        type: 3}
      propertyPath: m_RootOrder
      value: 0
      objectReference: {fileID: 0}
    - target: {fileID: 2238405326569966384, guid: cb9c254efbc6d0848b655637487d110b,
        type: 3}
      propertyPath: m_LocalPosition.x
      value: 0
      objectReference: {fileID: 0}
    - target: {fileID: 2238405326569966384, guid: cb9c254efbc6d0848b655637487d110b,
        type: 3}
      propertyPath: m_LocalPosition.y
      value: 0
      objectReference: {fileID: 0}
    - target: {fileID: 2238405326569966384, guid: cb9c254efbc6d0848b655637487d110b,
        type: 3}
      propertyPath: m_LocalPosition.z
      value: 0
      objectReference: {fileID: 0}
    - target: {fileID: 2238405326569966384, guid: cb9c254efbc6d0848b655637487d110b,
        type: 3}
      propertyPath: m_LocalRotation.w
      value: 1
      objectReference: {fileID: 0}
    - target: {fileID: 2238405326569966384, guid: cb9c254efbc6d0848b655637487d110b,
        type: 3}
      propertyPath: m_LocalRotation.x
      value: -0
      objectReference: {fileID: 0}
    - target: {fileID: 2238405326569966384, guid: cb9c254efbc6d0848b655637487d110b,
        type: 3}
      propertyPath: m_LocalRotation.y
      value: -0
      objectReference: {fileID: 0}
    - target: {fileID: 2238405326569966384, guid: cb9c254efbc6d0848b655637487d110b,
        type: 3}
      propertyPath: m_LocalRotation.z
      value: -0
      objectReference: {fileID: 0}
    - target: {fileID: 2238405326569966384, guid: cb9c254efbc6d0848b655637487d110b,
        type: 3}
      propertyPath: m_LocalEulerAnglesHint.x
      value: 0
      objectReference: {fileID: 0}
    - target: {fileID: 2238405326569966384, guid: cb9c254efbc6d0848b655637487d110b,
        type: 3}
      propertyPath: m_LocalEulerAnglesHint.y
      value: 0
      objectReference: {fileID: 0}
    - target: {fileID: 2238405326569966384, guid: cb9c254efbc6d0848b655637487d110b,
        type: 3}
      propertyPath: m_LocalEulerAnglesHint.z
      value: 0
      objectReference: {fileID: 0}
    - target: {fileID: 7677226659359626747, guid: cb9c254efbc6d0848b655637487d110b,
        type: 3}
      propertyPath: m_Name
      value: OutlineSphere
      objectReference: {fileID: 0}
    - target: {fileID: 7677226659359626747, guid: cb9c254efbc6d0848b655637487d110b,
        type: 3}
      propertyPath: m_Layer
      value: 10
      objectReference: {fileID: 0}
    m_RemovedComponents: []
  m_SourcePrefab: {fileID: 100100000, guid: cb9c254efbc6d0848b655637487d110b, type: 3}
--- !u!1 &7035592422743058769 stripped
GameObject:
  m_CorrespondingSourceObject: {fileID: 7677226659359626747, guid: cb9c254efbc6d0848b655637487d110b,
    type: 3}
  m_PrefabInstance: {fileID: 804331173484281002}
  m_PrefabAsset: {fileID: 0}
--- !u!4 &1457450182752221082 stripped
Transform:
  m_CorrespondingSourceObject: {fileID: 2238405326569966384, guid: cb9c254efbc6d0848b655637487d110b,
    type: 3}
  m_PrefabInstance: {fileID: 804331173484281002}
  m_PrefabAsset: {fileID: 0}
--- !u!1001 &6311120954480586860
PrefabInstance:
  m_ObjectHideFlags: 0
  serializedVersion: 2
  m_Modification:
    m_TransformParent: {fileID: 8120589422879353890}
    m_Modifications:
    - target: {fileID: -8679921383154817045, guid: c8cc933bf359a004eb0ee70b3555731d,
        type: 3}
      propertyPath: m_RootOrder
      value: 0
      objectReference: {fileID: 0}
    - target: {fileID: -8679921383154817045, guid: c8cc933bf359a004eb0ee70b3555731d,
        type: 3}
      propertyPath: m_LocalScale.x
      value: 0.03
      objectReference: {fileID: 0}
    - target: {fileID: -8679921383154817045, guid: c8cc933bf359a004eb0ee70b3555731d,
        type: 3}
      propertyPath: m_LocalScale.y
      value: 0.03
      objectReference: {fileID: 0}
    - target: {fileID: -8679921383154817045, guid: c8cc933bf359a004eb0ee70b3555731d,
        type: 3}
      propertyPath: m_LocalScale.z
      value: 0.03
      objectReference: {fileID: 0}
    - target: {fileID: -8679921383154817045, guid: c8cc933bf359a004eb0ee70b3555731d,
        type: 3}
      propertyPath: m_LocalPosition.x
      value: -4.5
      objectReference: {fileID: 0}
    - target: {fileID: -8679921383154817045, guid: c8cc933bf359a004eb0ee70b3555731d,
        type: 3}
      propertyPath: m_LocalPosition.y
      value: 1.575
      objectReference: {fileID: 0}
    - target: {fileID: -8679921383154817045, guid: c8cc933bf359a004eb0ee70b3555731d,
        type: 3}
      propertyPath: m_LocalPosition.z
      value: 0
      objectReference: {fileID: 0}
    - target: {fileID: -8679921383154817045, guid: c8cc933bf359a004eb0ee70b3555731d,
        type: 3}
      propertyPath: m_LocalRotation.w
      value: 0.7071068
      objectReference: {fileID: 0}
    - target: {fileID: -8679921383154817045, guid: c8cc933bf359a004eb0ee70b3555731d,
        type: 3}
      propertyPath: m_LocalRotation.x
      value: 0.7071068
      objectReference: {fileID: 0}
    - target: {fileID: -8679921383154817045, guid: c8cc933bf359a004eb0ee70b3555731d,
        type: 3}
      propertyPath: m_LocalRotation.y
      value: 0
      objectReference: {fileID: 0}
    - target: {fileID: -8679921383154817045, guid: c8cc933bf359a004eb0ee70b3555731d,
        type: 3}
      propertyPath: m_LocalRotation.z
      value: 0
      objectReference: {fileID: 0}
    - target: {fileID: -8679921383154817045, guid: c8cc933bf359a004eb0ee70b3555731d,
        type: 3}
      propertyPath: m_LocalEulerAnglesHint.x
      value: 90
      objectReference: {fileID: 0}
    - target: {fileID: -8679921383154817045, guid: c8cc933bf359a004eb0ee70b3555731d,
        type: 3}
      propertyPath: m_LocalEulerAnglesHint.y
      value: 0
      objectReference: {fileID: 0}
    - target: {fileID: -8679921383154817045, guid: c8cc933bf359a004eb0ee70b3555731d,
        type: 3}
      propertyPath: m_LocalEulerAnglesHint.z
      value: 0
      objectReference: {fileID: 0}
    - target: {fileID: -6106241437731208282, guid: c8cc933bf359a004eb0ee70b3555731d,
        type: 3}
      propertyPath: m_Layer
      value: 10
      objectReference: {fileID: 0}
    - target: {fileID: 239197013518847764, guid: c8cc933bf359a004eb0ee70b3555731d,
        type: 3}
      propertyPath: m_Materials.Array.data[0]
      value: 
      objectReference: {fileID: 2100000, guid: 0fef83462fd349c4b80f78bff3a1d7d3, type: 2}
    - target: {fileID: 919132149155446097, guid: c8cc933bf359a004eb0ee70b3555731d,
        type: 3}
      propertyPath: m_Name
      value: 3D_G
      objectReference: {fileID: 0}
    - target: {fileID: 919132149155446097, guid: c8cc933bf359a004eb0ee70b3555731d,
        type: 3}
      propertyPath: m_Layer
      value: 10
      objectReference: {fileID: 0}
    m_RemovedComponents: []
  m_SourcePrefab: {fileID: 100100000, guid: c8cc933bf359a004eb0ee70b3555731d, type: 3}
--- !u!4 &5773371109544793991 stripped
Transform:
  m_CorrespondingSourceObject: {fileID: -8679921383154817045, guid: c8cc933bf359a004eb0ee70b3555731d,
    type: 3}
  m_PrefabInstance: {fileID: 6311120954480586860}
  m_PrefabAsset: {fileID: 0}
