%YAML 1.1
%TAG !u! tag:unity3d.com,2011:
--- !u!1 &1552402705997265400
GameObject:
  m_ObjectHideFlags: 0
  m_CorrespondingSourceObject: {fileID: 0}
  m_PrefabInstance: {fileID: 0}
  m_PrefabAsset: {fileID: 0}
  serializedVersion: 6
  m_Component:
  - component: {fileID: 8357696846546170390}
  - component: {fileID: 5660809677049852776}
  m_Layer: 10
  m_Name: Letter
  m_TagString: Untagged
  m_Icon: {fileID: 0}
  m_NavMeshLayer: 0
  m_StaticEditorFlags: 0
  m_IsActive: 1
--- !u!4 &8357696846546170390
Transform:
  m_ObjectHideFlags: 0
  m_CorrespondingSourceObject: {fileID: 0}
  m_PrefabInstance: {fileID: 0}
  m_PrefabAsset: {fileID: 0}
  m_GameObject: {fileID: 1552402705997265400}
  m_LocalRotation: {x: 0, y: 0, z: 0, w: 1}
  m_LocalPosition: {x: 0, y: 0, z: 0}
  m_LocalScale: {x: 1, y: 1, z: 1}
  m_Children:
  - {fileID: 8776238637631752512}
  m_Father: {fileID: 7465142287266844694}
  m_RootOrder: 1
  m_LocalEulerAnglesHint: {x: 0, y: 0, z: 0}
--- !u!114 &5660809677049852776
MonoBehaviour:
  m_ObjectHideFlags: 0
  m_CorrespondingSourceObject: {fileID: 0}
  m_PrefabInstance: {fileID: 0}
  m_PrefabAsset: {fileID: 0}
  m_GameObject: {fileID: 1552402705997265400}
  m_Enabled: 1
  m_EditorHideFlags: 0
  m_Script: {fileID: 11500000, guid: 9455e0d88d11d4943a0149889d3836ed, type: 3}
  m_Name: 
  m_EditorClassIdentifier: 
  xSpin: 0
  ySpin: -10
  zSpin: 0
--- !u!1 &2316135352601073684
GameObject:
  m_ObjectHideFlags: 0
  m_CorrespondingSourceObject: {fileID: 0}
  m_PrefabInstance: {fileID: 0}
  m_PrefabAsset: {fileID: 0}
  serializedVersion: 6
  m_Component:
  - component: {fileID: 1844977714258045535}
  - component: {fileID: 4235954021428062957}
  - component: {fileID: 4175959878495042687}
  - component: {fileID: 5429950545126654862}
  - component: {fileID: 3100864944499289609}
  m_Layer: 10
  m_Name: MoveIcon
  m_TagString: ArObjects
  m_Icon: {fileID: 0}
  m_NavMeshLayer: 0
  m_StaticEditorFlags: 0
  m_IsActive: 1
--- !u!4 &1844977714258045535
Transform:
  m_ObjectHideFlags: 0
  m_CorrespondingSourceObject: {fileID: 0}
  m_PrefabInstance: {fileID: 0}
  m_PrefabAsset: {fileID: 0}
  m_GameObject: {fileID: 2316135352601073684}
  m_LocalRotation: {x: 0, y: 0, z: 0, w: 1}
  m_LocalPosition: {x: 0, y: 0, z: 0}
  m_LocalScale: {x: 1, y: 1, z: 1}
  m_Children:
  - {fileID: 7465142287266844694}
  - {fileID: 2396961315740552916}
  m_Father: {fileID: 0}
  m_RootOrder: 0
  m_LocalEulerAnglesHint: {x: 0, y: 0, z: 0}
--- !u!114 &4235954021428062957
MonoBehaviour:
  m_ObjectHideFlags: 0
  m_CorrespondingSourceObject: {fileID: 0}
  m_PrefabInstance: {fileID: 0}
  m_PrefabAsset: {fileID: 0}
  m_GameObject: {fileID: 2316135352601073684}
  m_Enabled: 1
  m_EditorHideFlags: 0
  m_Script: {fileID: 11500000, guid: 7df718c74a3d1244aba345a51163a2a4, type: 3}
  m_Name: 
  m_EditorClassIdentifier: 
  bezierCurveModel: {fileID: 1735981986068175963, guid: cdd65b0823f0df9498be1ab1ce7ce65c,
    type: 3}
  outlineSphere: {fileID: 2847585116968534231}
--- !u!135 &4175959878495042687
SphereCollider:
  m_ObjectHideFlags: 0
  m_CorrespondingSourceObject: {fileID: 0}
  m_PrefabInstance: {fileID: 0}
  m_PrefabAsset: {fileID: 0}
  m_GameObject: {fileID: 2316135352601073684}
  m_Material: {fileID: 0}
  m_IsTrigger: 1
  m_Enabled: 1
  serializedVersion: 2
  m_Radius: 0.05
  m_Center: {x: 0, y: 0, z: 0}
--- !u!54 &5429950545126654862
Rigidbody:
  m_ObjectHideFlags: 0
  m_CorrespondingSourceObject: {fileID: 0}
  m_PrefabInstance: {fileID: 0}
  m_PrefabAsset: {fileID: 0}
  m_GameObject: {fileID: 2316135352601073684}
  serializedVersion: 2
  m_Mass: 1
  m_Drag: 0
  m_AngularDrag: 0.05
  m_UseGravity: 0
  m_IsKinematic: 1
  m_Interpolate: 0
  m_Constraints: 0
  m_CollisionDetection: 0
--- !u!114 &3100864944499289609
MonoBehaviour:
  m_ObjectHideFlags: 0
  m_CorrespondingSourceObject: {fileID: 0}
  m_PrefabInstance: {fileID: 0}
  m_PrefabAsset: {fileID: 0}
  m_GameObject: {fileID: 2316135352601073684}
  m_Enabled: 1
  m_EditorHideFlags: 0
  m_Script: {fileID: 11500000, guid: a68a3ba6e0632ef4ca82a2dd3bc39ae7, type: 3}
  m_Name: 
  m_EditorClassIdentifier: 
  line: {fileID: 6794709019565042743}
  endPoint: {fileID: 5326677045366504673}
  movePosition: {fileID: 5818205895200539203, guid: 1bb2a6b26831bca48a7ad4a95b39739e,
    type: 3}
  arrow: {fileID: 7120949399573740450, guid: 7183bbba60ff49a4597d6d7396538171, type: 3}
--- !u!1 &5326677045366504673
GameObject:
  m_ObjectHideFlags: 0
  m_CorrespondingSourceObject: {fileID: 0}
  m_PrefabInstance: {fileID: 0}
  m_PrefabAsset: {fileID: 0}
  serializedVersion: 6
  m_Component:
  - component: {fileID: 1958224208351899561}
  - component: {fileID: 8206222937782148513}
  - component: {fileID: 7052817596973011022}
  - component: {fileID: 5679137796432019986}
  - component: {fileID: 8322241240729233615}
  - component: {fileID: 4900863391090626006}
  - component: {fileID: 3560483473941591388}
  - component: {fileID: 915683198292172896}
  m_Layer: 10
  m_Name: EndPoint
  m_TagString: ArObjects
  m_Icon: {fileID: 0}
  m_NavMeshLayer: 0
  m_StaticEditorFlags: 0
  m_IsActive: 1
--- !u!4 &1958224208351899561
Transform:
  m_ObjectHideFlags: 0
  m_CorrespondingSourceObject: {fileID: 0}
  m_PrefabInstance: {fileID: 0}
  m_PrefabAsset: {fileID: 0}
  m_GameObject: {fileID: 5326677045366504673}
  m_LocalRotation: {x: 0, y: 0, z: 0, w: 1}
  m_LocalPosition: {x: -0.3, y: 0, z: 0}
  m_LocalScale: {x: 0.03, y: 0.03, z: 0.03}
  m_Children: []
  m_Father: {fileID: 2396961315740552916}
  m_RootOrder: 0
  m_LocalEulerAnglesHint: {x: 0, y: 0, z: 0}
--- !u!33 &8206222937782148513
MeshFilter:
  m_ObjectHideFlags: 0
  m_CorrespondingSourceObject: {fileID: 0}
  m_PrefabInstance: {fileID: 0}
  m_PrefabAsset: {fileID: 0}
  m_GameObject: {fileID: 5326677045366504673}
  m_Mesh: {fileID: 10207, guid: 0000000000000000e000000000000000, type: 0}
--- !u!23 &7052817596973011022
MeshRenderer:
  m_ObjectHideFlags: 0
  m_CorrespondingSourceObject: {fileID: 0}
  m_PrefabInstance: {fileID: 0}
  m_PrefabAsset: {fileID: 0}
  m_GameObject: {fileID: 5326677045366504673}
  m_Enabled: 1
  m_CastShadows: 1
  m_ReceiveShadows: 1
  m_DynamicOccludee: 1
  m_MotionVectors: 1
  m_LightProbeUsage: 1
  m_ReflectionProbeUsage: 1
  m_RayTracingMode: 2
  m_RenderingLayerMask: 1
  m_RendererPriority: 0
  m_Materials:
  - {fileID: 2100000, guid: 21313be27d1e72145aa9e0a30ff40b8e, type: 2}
  m_StaticBatchInfo:
    firstSubMesh: 0
    subMeshCount: 0
  m_StaticBatchRoot: {fileID: 0}
  m_ProbeAnchor: {fileID: 0}
  m_LightProbeVolumeOverride: {fileID: 0}
  m_ScaleInLightmap: 1
  m_ReceiveGI: 1
  m_PreserveUVs: 0
  m_IgnoreNormalsForChartDetection: 0
  m_ImportantGI: 0
  m_StitchLightmapSeams: 1
  m_SelectedEditorRenderState: 3
  m_MinimumChartSize: 4
  m_AutoUVMaxDistance: 0.5
  m_AutoUVMaxAngle: 89
  m_LightmapParameters: {fileID: 0}
  m_SortingLayerID: 0
  m_SortingLayer: 0
  m_SortingOrder: 0
--- !u!135 &5679137796432019986
SphereCollider:
  m_ObjectHideFlags: 0
  m_CorrespondingSourceObject: {fileID: 0}
  m_PrefabInstance: {fileID: 0}
  m_PrefabAsset: {fileID: 0}
  m_GameObject: {fileID: 5326677045366504673}
  m_Material: {fileID: 0}
  m_IsTrigger: 0
  m_Enabled: 1
  serializedVersion: 2
  m_Radius: 0.5
  m_Center: {x: 0, y: 0, z: 0}
--- !u!114 &8322241240729233615
MonoBehaviour:
  m_ObjectHideFlags: 0
  m_CorrespondingSourceObject: {fileID: 0}
  m_PrefabInstance: {fileID: 0}
  m_PrefabAsset: {fileID: 0}
  m_GameObject: {fileID: 5326677045366504673}
  m_Enabled: 1
  m_EditorHideFlags: 0
  m_Script: {fileID: 11500000, guid: b93b6a877adcbf94c89a9d6e0c0e844d, type: 3}
  m_Name: 
  m_EditorClassIdentifier: 
  activateActionSetOnAttach:
    actionSetPath: 
  hideHandOnAttach: 0
  hideSkeletonOnAttach: 0
  hideControllerOnAttach: 0
  handAnimationOnPickup: 0
  setRangeOfMotionOnPickup: -1
  useHandObjectAttachmentPoint: 1
  attachEaseIn: 0
  snapAttachEaseInCurve:
    serializedVersion: 2
    m_Curve:
    - serializedVersion: 3
      time: 0
      value: 0
      inSlope: 0
      outSlope: 0
      tangentMode: 0
      weightedMode: 0
      inWeight: 0
      outWeight: 0
    - serializedVersion: 3
      time: 1
      value: 1
      inSlope: 0
      outSlope: 0
      tangentMode: 0
      weightedMode: 0
      inWeight: 0
      outWeight: 0
    m_PreInfinity: 2
    m_PostInfinity: 2
    m_RotationOrder: 4
  snapAttachEaseInTime: 0.15
  snapAttachEaseInCompleted: 0
  skeletonPoser: {fileID: 0}
  handFollowTransform: 1
  highlightOnHover: 1
  hideHighlight: []
  hoverPriority: 0
--- !u!114 &4900863391090626006
MonoBehaviour:
  m_ObjectHideFlags: 0
  m_CorrespondingSourceObject: {fileID: 0}
  m_PrefabInstance: {fileID: 0}
  m_PrefabAsset: {fileID: 0}
  m_GameObject: {fileID: 5326677045366504673}
  m_Enabled: 1
  m_EditorHideFlags: 0
  m_Script: {fileID: 11500000, guid: 91040b6041c09624eb4933b2f5cbcb24, type: 3}
  m_Name: 
  m_EditorClassIdentifier: 
  shouldHighlightOnHover: 0
--- !u!114 &3560483473941591388
MonoBehaviour:
  m_ObjectHideFlags: 0
  m_CorrespondingSourceObject: {fileID: 0}
  m_PrefabInstance: {fileID: 0}
  m_PrefabAsset: {fileID: 0}
  m_GameObject: {fileID: 5326677045366504673}
  m_Enabled: 1
  m_EditorHideFlags: 0
  m_Script: {fileID: 11500000, guid: 362020a2c3bf3b54b81b8e8a3ab96fab, type: 3}
  m_Name: 
  m_EditorClassIdentifier: 
  moveRender: {fileID: 3100864944499289609}
--- !u!54 &915683198292172896
Rigidbody:
  m_ObjectHideFlags: 0
  m_CorrespondingSourceObject: {fileID: 0}
  m_PrefabInstance: {fileID: 0}
  m_PrefabAsset: {fileID: 0}
  m_GameObject: {fileID: 5326677045366504673}
  serializedVersion: 2
  m_Mass: 1
  m_Drag: 0
  m_AngularDrag: 0.05
  m_UseGravity: 0
  m_IsKinematic: 1
  m_Interpolate: 0
  m_Constraints: 0
  m_CollisionDetection: 0
--- !u!1 &8378342604135128181
GameObject:
  m_ObjectHideFlags: 0
  m_CorrespondingSourceObject: {fileID: 0}
  m_PrefabInstance: {fileID: 0}
  m_PrefabAsset: {fileID: 0}
  serializedVersion: 6
  m_Component:
  - component: {fileID: 7465142287266844694}
  - component: {fileID: 7784296690636882969}
  - component: {fileID: 8359182200040730714}
  m_Layer: 10
  m_Name: Sphere
  m_TagString: Untagged
  m_Icon: {fileID: 0}
  m_NavMeshLayer: 0
  m_StaticEditorFlags: 0
  m_IsActive: 1
--- !u!4 &7465142287266844694
Transform:
  m_ObjectHideFlags: 0
  m_CorrespondingSourceObject: {fileID: 0}
  m_PrefabInstance: {fileID: 0}
  m_PrefabAsset: {fileID: 0}
  m_GameObject: {fileID: 8378342604135128181}
  m_LocalRotation: {x: 0, y: 0, z: 0, w: 1}
  m_LocalPosition: {x: 0, y: 0, z: 0}
  m_LocalScale: {x: 0.08, y: 0.08, z: 0.08}
  m_Children:
  - {fileID: 5917222639400181276}
  - {fileID: 8357696846546170390}
  m_Father: {fileID: 1844977714258045535}
  m_RootOrder: 0
  m_LocalEulerAnglesHint: {x: 0, y: 0, z: 0}
--- !u!33 &7784296690636882969
MeshFilter:
  m_ObjectHideFlags: 0
  m_CorrespondingSourceObject: {fileID: 0}
  m_PrefabInstance: {fileID: 0}
  m_PrefabAsset: {fileID: 0}
  m_GameObject: {fileID: 8378342604135128181}
  m_Mesh: {fileID: 10207, guid: 0000000000000000e000000000000000, type: 0}
--- !u!23 &8359182200040730714
MeshRenderer:
  m_ObjectHideFlags: 0
  m_CorrespondingSourceObject: {fileID: 0}
  m_PrefabInstance: {fileID: 0}
  m_PrefabAsset: {fileID: 0}
  m_GameObject: {fileID: 8378342604135128181}
  m_Enabled: 1
  m_CastShadows: 1
  m_ReceiveShadows: 1
  m_DynamicOccludee: 1
  m_MotionVectors: 1
  m_LightProbeUsage: 1
  m_ReflectionProbeUsage: 1
  m_RayTracingMode: 2
  m_RenderingLayerMask: 1
  m_RendererPriority: 0
  m_Materials:
  - {fileID: 2100000, guid: 504e4cb56420a8248bb6fc630cadfdf1, type: 2}
  m_StaticBatchInfo:
    firstSubMesh: 0
    subMeshCount: 0
  m_StaticBatchRoot: {fileID: 0}
  m_ProbeAnchor: {fileID: 0}
  m_LightProbeVolumeOverride: {fileID: 0}
  m_ScaleInLightmap: 1
  m_ReceiveGI: 1
  m_PreserveUVs: 0
  m_IgnoreNormalsForChartDetection: 0
  m_ImportantGI: 0
  m_StitchLightmapSeams: 1
  m_SelectedEditorRenderState: 3
  m_MinimumChartSize: 4
  m_AutoUVMaxDistance: 0.5
  m_AutoUVMaxAngle: 89
  m_LightmapParameters: {fileID: 0}
  m_SortingLayerID: 0
  m_SortingLayer: 0
  m_SortingOrder: 0
--- !u!1 &9008153138671855776
GameObject:
  m_ObjectHideFlags: 0
  m_CorrespondingSourceObject: {fileID: 0}
  m_PrefabInstance: {fileID: 0}
  m_PrefabAsset: {fileID: 0}
  serializedVersion: 6
  m_Component:
  - component: {fileID: 2396961315740552916}
  - component: {fileID: 6794709019565042743}
  m_Layer: 10
  m_Name: TrajectoryDetails
  m_TagString: Untagged
  m_Icon: {fileID: 0}
  m_NavMeshLayer: 0
  m_StaticEditorFlags: 0
  m_IsActive: 1
--- !u!4 &2396961315740552916
Transform:
  m_ObjectHideFlags: 0
  m_CorrespondingSourceObject: {fileID: 0}
  m_PrefabInstance: {fileID: 0}
  m_PrefabAsset: {fileID: 0}
  m_GameObject: {fileID: 9008153138671855776}
  m_LocalRotation: {x: 0, y: 0, z: 0, w: 1}
  m_LocalPosition: {x: 0, y: 0, z: 0}
  m_LocalScale: {x: 1, y: 1, z: 1}
  m_Children:
  - {fileID: 1958224208351899561}
  m_Father: {fileID: 1844977714258045535}
  m_RootOrder: 1
  m_LocalEulerAnglesHint: {x: 0, y: 0, z: 0}
--- !u!120 &6794709019565042743
LineRenderer:
  m_ObjectHideFlags: 0
  m_CorrespondingSourceObject: {fileID: 0}
  m_PrefabInstance: {fileID: 0}
  m_PrefabAsset: {fileID: 0}
  m_GameObject: {fileID: 9008153138671855776}
  m_Enabled: 1
  m_CastShadows: 1
  m_ReceiveShadows: 1
  m_DynamicOccludee: 1
  m_MotionVectors: 0
  m_LightProbeUsage: 0
  m_ReflectionProbeUsage: 0
  m_RayTracingMode: 0
  m_RenderingLayerMask: 1
  m_RendererPriority: 0
  m_Materials:
  - {fileID: 2100000, guid: 1398a42fe673d7c45a4708aedea0fbf5, type: 2}
  m_StaticBatchInfo:
    firstSubMesh: 0
    subMeshCount: 0
  m_StaticBatchRoot: {fileID: 0}
  m_ProbeAnchor: {fileID: 0}
  m_LightProbeVolumeOverride: {fileID: 0}
  m_ScaleInLightmap: 1
  m_ReceiveGI: 1
  m_PreserveUVs: 0
  m_IgnoreNormalsForChartDetection: 0
  m_ImportantGI: 0
  m_StitchLightmapSeams: 1
  m_SelectedEditorRenderState: 3
  m_MinimumChartSize: 4
  m_AutoUVMaxDistance: 0.5
  m_AutoUVMaxAngle: 89
  m_LightmapParameters: {fileID: 0}
  m_SortingLayerID: 0
  m_SortingLayer: 0
  m_SortingOrder: 0
  m_Positions:
  - {x: 0, y: 0, z: 0}
  - {x: -0.3, y: 0, z: 0}
  m_Parameters:
    serializedVersion: 3
    widthMultiplier: 1.0011449
    widthCurve:
      serializedVersion: 2
      m_Curve:
      - serializedVersion: 3
        time: 0.011695929
        value: 0.0066225156
        inSlope: 0
        outSlope: 0
        tangentMode: 0
        weightedMode: 0
        inWeight: 0.33333334
        outWeight: 0.33333334
      m_PreInfinity: 2
      m_PostInfinity: 2
      m_RotationOrder: 4
    colorGradient:
      serializedVersion: 2
      key0: {r: 0.2240566, g: 0.8962264, b: 0.3636328, a: 1}
      key1: {r: 1, g: 1, b: 1, a: 1}
      key2: {r: 0, g: 0, b: 0, a: 0}
      key3: {r: 0, g: 0, b: 0, a: 0}
      key4: {r: 0, g: 0, b: 0, a: 0}
      key5: {r: 0, g: 0, b: 0, a: 0}
      key6: {r: 0, g: 0, b: 0, a: 0}
      key7: {r: 0, g: 0, b: 0, a: 0}
      ctime0: 0
      ctime1: 65535
      ctime2: 0
      ctime3: 0
      ctime4: 0
      ctime5: 0
      ctime6: 0
      ctime7: 0
      atime0: 0
      atime1: 65535
      atime2: 0
      atime3: 0
      atime4: 0
      atime5: 0
      atime6: 0
      atime7: 0
      m_Mode: 0
      m_NumColorKeys: 2
      m_NumAlphaKeys: 2
    numCornerVertices: 0
    numCapVertices: 0
    alignment: 0
    textureMode: 0
    shadowBias: 0.5
    generateLightingData: 0
  m_UseWorldSpace: 1
  m_Loop: 0
--- !u!1001 &5552475906650625324
PrefabInstance:
  m_ObjectHideFlags: 0
  serializedVersion: 2
  m_Modification:
    m_TransformParent: {fileID: 7465142287266844694}
    m_Modifications:
    - target: {fileID: 2238405326569966384, guid: cb9c254efbc6d0848b655637487d110b,
        type: 3}
      propertyPath: m_RootOrder
      value: 0
      objectReference: {fileID: 0}
    - target: {fileID: 2238405326569966384, guid: cb9c254efbc6d0848b655637487d110b,
        type: 3}
      propertyPath: m_LocalPosition.x
      value: 0
      objectReference: {fileID: 0}
    - target: {fileID: 2238405326569966384, guid: cb9c254efbc6d0848b655637487d110b,
        type: 3}
      propertyPath: m_LocalPosition.y
      value: 0
      objectReference: {fileID: 0}
    - target: {fileID: 2238405326569966384, guid: cb9c254efbc6d0848b655637487d110b,
        type: 3}
      propertyPath: m_LocalPosition.z
      value: 0
      objectReference: {fileID: 0}
    - target: {fileID: 2238405326569966384, guid: cb9c254efbc6d0848b655637487d110b,
        type: 3}
      propertyPath: m_LocalRotation.w
      value: 1
      objectReference: {fileID: 0}
    - target: {fileID: 2238405326569966384, guid: cb9c254efbc6d0848b655637487d110b,
        type: 3}
      propertyPath: m_LocalRotation.x
      value: -0
      objectReference: {fileID: 0}
    - target: {fileID: 2238405326569966384, guid: cb9c254efbc6d0848b655637487d110b,
        type: 3}
      propertyPath: m_LocalRotation.y
      value: -0
      objectReference: {fileID: 0}
    - target: {fileID: 2238405326569966384, guid: cb9c254efbc6d0848b655637487d110b,
        type: 3}
      propertyPath: m_LocalRotation.z
      value: -0
      objectReference: {fileID: 0}
    - target: {fileID: 2238405326569966384, guid: cb9c254efbc6d0848b655637487d110b,
        type: 3}
      propertyPath: m_LocalEulerAnglesHint.x
      value: 0
      objectReference: {fileID: 0}
    - target: {fileID: 2238405326569966384, guid: cb9c254efbc6d0848b655637487d110b,
        type: 3}
      propertyPath: m_LocalEulerAnglesHint.y
      value: 0
      objectReference: {fileID: 0}
    - target: {fileID: 2238405326569966384, guid: cb9c254efbc6d0848b655637487d110b,
        type: 3}
      propertyPath: m_LocalEulerAnglesHint.z
      value: 0
      objectReference: {fileID: 0}
    - target: {fileID: 7677226659359626747, guid: cb9c254efbc6d0848b655637487d110b,
        type: 3}
      propertyPath: m_Name
      value: OutlineSphere
      objectReference: {fileID: 0}
    - target: {fileID: 7677226659359626747, guid: cb9c254efbc6d0848b655637487d110b,
        type: 3}
      propertyPath: m_Layer
      value: 10
      objectReference: {fileID: 0}
    m_RemovedComponents: []
  m_SourcePrefab: {fileID: 100100000, guid: cb9c254efbc6d0848b655637487d110b, type: 3}
--- !u!1 &2847585116968534231 stripped
GameObject:
  m_CorrespondingSourceObject: {fileID: 7677226659359626747, guid: cb9c254efbc6d0848b655637487d110b,
    type: 3}
  m_PrefabInstance: {fileID: 5552475906650625324}
  m_PrefabAsset: {fileID: 0}
--- !u!4 &5917222639400181276 stripped
Transform:
  m_CorrespondingSourceObject: {fileID: 2238405326569966384, guid: cb9c254efbc6d0848b655637487d110b,
    type: 3}
  m_PrefabInstance: {fileID: 5552475906650625324}
  m_PrefabAsset: {fileID: 0}
--- !u!1001 &9097781384757653163
PrefabInstance:
  m_ObjectHideFlags: 0
  serializedVersion: 2
  m_Modification:
    m_TransformParent: {fileID: 8357696846546170390}
    m_Modifications:
    - target: {fileID: -8679921383154817045, guid: 09dff851fc7e18d4cb785566ff5f46f7,
        type: 3}
      propertyPath: m_RootOrder
      value: 0
      objectReference: {fileID: 0}
    - target: {fileID: -8679921383154817045, guid: 09dff851fc7e18d4cb785566ff5f46f7,
        type: 3}
      propertyPath: m_LocalScale.x
      value: 6.25
      objectReference: {fileID: 0}
    - target: {fileID: -8679921383154817045, guid: 09dff851fc7e18d4cb785566ff5f46f7,
        type: 3}
      propertyPath: m_LocalScale.y
      value: 6.25
      objectReference: {fileID: 0}
    - target: {fileID: -8679921383154817045, guid: 09dff851fc7e18d4cb785566ff5f46f7,
        type: 3}
      propertyPath: m_LocalScale.z
      value: 6.25
      objectReference: {fileID: 0}
    - target: {fileID: -8679921383154817045, guid: 09dff851fc7e18d4cb785566ff5f46f7,
        type: 3}
      propertyPath: m_LocalPosition.x
      value: 0.2412498
      objectReference: {fileID: 0}
    - target: {fileID: -8679921383154817045, guid: 09dff851fc7e18d4cb785566ff5f46f7,
        type: 3}
      propertyPath: m_LocalPosition.y
      value: 0
      objectReference: {fileID: 0}
    - target: {fileID: -8679921383154817045, guid: 09dff851fc7e18d4cb785566ff5f46f7,
        type: 3}
      propertyPath: m_LocalPosition.z
      value: 0
      objectReference: {fileID: 0}
    - target: {fileID: -8679921383154817045, guid: 09dff851fc7e18d4cb785566ff5f46f7,
        type: 3}
      propertyPath: m_LocalRotation.w
      value: 1
      objectReference: {fileID: 0}
    - target: {fileID: -8679921383154817045, guid: 09dff851fc7e18d4cb785566ff5f46f7,
        type: 3}
      propertyPath: m_LocalRotation.x
      value: -0
      objectReference: {fileID: 0}
    - target: {fileID: -8679921383154817045, guid: 09dff851fc7e18d4cb785566ff5f46f7,
        type: 3}
      propertyPath: m_LocalRotation.y
      value: -0
      objectReference: {fileID: 0}
    - target: {fileID: -8679921383154817045, guid: 09dff851fc7e18d4cb785566ff5f46f7,
        type: 3}
      propertyPath: m_LocalRotation.z
      value: -0
      objectReference: {fileID: 0}
    - target: {fileID: -8679921383154817045, guid: 09dff851fc7e18d4cb785566ff5f46f7,
        type: 3}
      propertyPath: m_LocalEulerAnglesHint.x
      value: 0
      objectReference: {fileID: 0}
    - target: {fileID: -8679921383154817045, guid: 09dff851fc7e18d4cb785566ff5f46f7,
        type: 3}
      propertyPath: m_LocalEulerAnglesHint.y
      value: 0
      objectReference: {fileID: 0}
    - target: {fileID: -8679921383154817045, guid: 09dff851fc7e18d4cb785566ff5f46f7,
        type: 3}
      propertyPath: m_LocalEulerAnglesHint.z
      value: 0
      objectReference: {fileID: 0}
    - target: {fileID: -8391222552659086748, guid: 09dff851fc7e18d4cb785566ff5f46f7,
        type: 3}
      propertyPath: m_Layer
      value: 10
      objectReference: {fileID: 0}
    - target: {fileID: -516098083770646512, guid: 09dff851fc7e18d4cb785566ff5f46f7,
        type: 3}
      propertyPath: m_Layer
      value: 10
      objectReference: {fileID: 0}
    - target: {fileID: 919132149155446097, guid: 09dff851fc7e18d4cb785566ff5f46f7,
        type: 3}
      propertyPath: m_Name
      value: 3D_M
      objectReference: {fileID: 0}
    - target: {fileID: 919132149155446097, guid: 09dff851fc7e18d4cb785566ff5f46f7,
        type: 3}
      propertyPath: m_Layer
      value: 10
      objectReference: {fileID: 0}
    m_RemovedComponents: []
  m_SourcePrefab: {fileID: 100100000, guid: 09dff851fc7e18d4cb785566ff5f46f7, type: 3}
--- !u!4 &8776238637631752512 stripped
Transform:
  m_CorrespondingSourceObject: {fileID: -8679921383154817045, guid: 09dff851fc7e18d4cb785566ff5f46f7,
    type: 3}
  m_PrefabInstance: {fileID: 9097781384757653163}
  m_PrefabAsset: {fileID: 0}
